%YAML 1.1
%TAG !u! tag:unity3d.com,2011:
--- !u!29 &1
OcclusionCullingSettings:
  m_ObjectHideFlags: 0
  serializedVersion: 2
  m_OcclusionBakeSettings:
    smallestOccluder: 5
    smallestHole: 0.25
    backfaceThreshold: 100
  m_SceneGUID: 00000000000000000000000000000000
  m_OcclusionCullingData: {fileID: 0}
--- !u!104 &2
RenderSettings:
  m_ObjectHideFlags: 0
  serializedVersion: 9
  m_Fog: 0
  m_FogColor: {r: 0.5, g: 0.5, b: 0.5, a: 1}
  m_FogMode: 3
  m_FogDensity: 0.01
  m_LinearFogStart: 0
  m_LinearFogEnd: 300
  m_AmbientSkyColor: {r: 0.212, g: 0.227, b: 0.259, a: 1}
  m_AmbientEquatorColor: {r: 0.114, g: 0.125, b: 0.133, a: 1}
  m_AmbientGroundColor: {r: 0.047, g: 0.043, b: 0.035, a: 1}
  m_AmbientIntensity: 0.85
  m_AmbientMode: 0
  m_SubtractiveShadowColor: {r: 0.42, g: 0.478, b: 0.627, a: 1}
  m_SkyboxMaterial: {fileID: 10304, guid: 0000000000000000f000000000000000, type: 0}
  m_HaloStrength: 0.5
  m_FlareStrength: 1
  m_FlareFadeSpeed: 3
  m_HaloTexture: {fileID: 0}
  m_SpotCookie: {fileID: 10001, guid: 0000000000000000e000000000000000, type: 0}
  m_DefaultReflectionMode: 0
  m_DefaultReflectionResolution: 128
  m_ReflectionBounces: 1
  m_ReflectionIntensity: 1
  m_CustomReflection: {fileID: 0}
  m_Sun: {fileID: 0}
  m_IndirectSpecularColor: {r: 0.431196, g: 0.46658874, b: 0.49948442, a: 1}
  m_UseRadianceAmbientProbe: 0
--- !u!157 &3
LightmapSettings:
  m_ObjectHideFlags: 0
  serializedVersion: 12
  m_GIWorkflowMode: 1
  m_GISettings:
    serializedVersion: 2
    m_BounceScale: 1
    m_IndirectOutputScale: 1
    m_AlbedoBoost: 1
    m_EnvironmentLightingMode: 0
    m_EnableBakedLightmaps: 1
    m_EnableRealtimeLightmaps: 0
  m_LightmapEditorSettings:
    serializedVersion: 12
    m_Resolution: 2
    m_BakeResolution: 40
    m_AtlasSize: 1024
    m_AO: 0
    m_AOMaxDistance: 1
    m_CompAOExponent: 1
    m_CompAOExponentDirect: 0
    m_ExtractAmbientOcclusion: 0
    m_Padding: 2
    m_LightmapParameters: {fileID: 0}
    m_LightmapsBakeMode: 1
    m_TextureCompression: 1
    m_FinalGather: 0
    m_FinalGatherFiltering: 1
    m_FinalGatherRayCount: 256
    m_ReflectionCompression: 2
    m_MixedBakeMode: 2
    m_BakeBackend: 1
    m_PVRSampling: 1
    m_PVRDirectSampleCount: 32
    m_PVRSampleCount: 512
    m_PVRBounces: 2
    m_PVREnvironmentSampleCount: 256
    m_PVREnvironmentReferencePointCount: 2048
    m_PVRFilteringMode: 1
    m_PVRDenoiserTypeDirect: 1
    m_PVRDenoiserTypeIndirect: 1
    m_PVRDenoiserTypeAO: 1
    m_PVRFilterTypeDirect: 0
    m_PVRFilterTypeIndirect: 0
    m_PVRFilterTypeAO: 0
    m_PVREnvironmentMIS: 1
    m_PVRCulling: 1
    m_PVRFilteringGaussRadiusDirect: 1
    m_PVRFilteringGaussRadiusIndirect: 5
    m_PVRFilteringGaussRadiusAO: 2
    m_PVRFilteringAtrousPositionSigmaDirect: 0.5
    m_PVRFilteringAtrousPositionSigmaIndirect: 2
    m_PVRFilteringAtrousPositionSigmaAO: 1
    m_ExportTrainingData: 0
    m_TrainingDataDestination: TrainingData
    m_LightProbeSampleCountMultiplier: 4
  m_LightingDataAsset: {fileID: 112000000, guid: 1c48e3db0d4244344bf86c8c7c106b43, type: 2}
  m_LightingSettings: {fileID: 0}
--- !u!196 &4
NavMeshSettings:
  serializedVersion: 2
  m_ObjectHideFlags: 0
  m_BuildSettings:
    serializedVersion: 2
    agentTypeID: 0
    agentRadius: 0.5
    agentHeight: 2
    agentSlope: 45
    agentClimb: 0.4
    ledgeDropHeight: 0
    maxJumpAcrossDistance: 0
    minRegionArea: 2
    manualCellSize: 0
    cellSize: 0.16666667
    manualTileSize: 0
    tileSize: 256
    accuratePlacement: 0
    maxJobWorkers: 0
    preserveTilesOutsideBounds: 0
    debug:
      m_Flags: 0
  m_NavMeshData: {fileID: 0}
--- !u!1 &630052895
GameObject:
  m_ObjectHideFlags: 0
  m_CorrespondingSourceObject: {fileID: 0}
  m_PrefabInstance: {fileID: 0}
  m_PrefabAsset: {fileID: 0}
  serializedVersion: 6
  m_Component:
  - component: {fileID: 630052899}
  - component: {fileID: 630052897}
  - component: {fileID: 630052896}
  - component: {fileID: 630052898}
  m_Layer: 0
  m_Name: EventSystem
  m_TagString: Untagged
  m_Icon: {fileID: 0}
  m_NavMeshLayer: 0
  m_StaticEditorFlags: 0
  m_IsActive: 1
--- !u!114 &630052896
MonoBehaviour:
  m_ObjectHideFlags: 0
  m_CorrespondingSourceObject: {fileID: 0}
  m_PrefabInstance: {fileID: 0}
  m_PrefabAsset: {fileID: 0}
  m_GameObject: {fileID: 630052895}
  m_Enabled: 1
  m_EditorHideFlags: 0
  m_Script: {fileID: 11500000, guid: 4f231c4fb786f3946a6b90b886c48677, type: 3}
  m_Name: 
  m_EditorClassIdentifier: 
  m_HorizontalAxis: Horizontal
  m_VerticalAxis: Vertical
  m_SubmitButton: Submit
  m_CancelButton: Cancel
  m_InputActionsPerSecond: 10
  m_RepeatDelay: 0.5
  m_ForceModuleActive: 0
--- !u!114 &630052897
MonoBehaviour:
  m_ObjectHideFlags: 0
  m_CorrespondingSourceObject: {fileID: 0}
  m_PrefabInstance: {fileID: 0}
  m_PrefabAsset: {fileID: 0}
  m_GameObject: {fileID: 630052895}
  m_Enabled: 1
  m_EditorHideFlags: 0
  m_Script: {fileID: 11500000, guid: 76c392e42b5098c458856cdf6ecaaaa1, type: 3}
  m_Name: 
  m_EditorClassIdentifier: 
  m_FirstSelected: {fileID: 0}
  m_sendNavigationEvents: 1
  m_DragThreshold: 10
--- !u!222 &630052898
CanvasRenderer:
  m_ObjectHideFlags: 0
  m_CorrespondingSourceObject: {fileID: 0}
  m_PrefabInstance: {fileID: 0}
  m_PrefabAsset: {fileID: 0}
  m_GameObject: {fileID: 630052895}
  m_CullTransparentMesh: 0
--- !u!224 &630052899
RectTransform:
  m_ObjectHideFlags: 0
  m_CorrespondingSourceObject: {fileID: 0}
  m_PrefabInstance: {fileID: 0}
  m_PrefabAsset: {fileID: 0}
  m_GameObject: {fileID: 630052895}
  m_LocalRotation: {x: 0, y: 0, z: 0, w: 1}
  m_LocalPosition: {x: 0, y: 0, z: 0}
  m_LocalScale: {x: 1, y: 1, z: 1}
  m_Children: []
  m_Father: {fileID: 0}
  m_RootOrder: 0
  m_LocalEulerAnglesHint: {x: 0, y: 0, z: 0}
  m_AnchorMin: {x: 0.5, y: 0.5}
  m_AnchorMax: {x: 0.5, y: 0.5}
  m_AnchoredPosition: {x: 0, y: 0}
  m_SizeDelta: {x: 100, y: 100}
  m_Pivot: {x: 0.5, y: 0.5}
--- !u!1 &662435530
GameObject:
  m_ObjectHideFlags: 0
  m_CorrespondingSourceObject: {fileID: 0}
  m_PrefabInstance: {fileID: 0}
  m_PrefabAsset: {fileID: 0}
  serializedVersion: 6
  m_Component:
  - component: {fileID: 662435531}
  m_Layer: 0
  m_Name: Objects
  m_TagString: Untagged
  m_Icon: {fileID: 0}
  m_NavMeshLayer: 0
  m_StaticEditorFlags: 0
  m_IsActive: 1
--- !u!4 &662435531
Transform:
  m_ObjectHideFlags: 0
  m_CorrespondingSourceObject: {fileID: 0}
  m_PrefabInstance: {fileID: 0}
  m_PrefabAsset: {fileID: 0}
  m_GameObject: {fileID: 662435530}
  m_LocalRotation: {x: 0, y: 0, z: 0, w: 1}
  m_LocalPosition: {x: 0, y: 0, z: 0}
  m_LocalScale: {x: 1, y: 1, z: 1}
  m_Children:
  - {fileID: 4861139552359615521}
  - {fileID: 167471204084140948}
  m_Father: {fileID: 0}
  m_RootOrder: 3
  m_LocalEulerAnglesHint: {x: 0, y: 0, z: 0}
--- !u!1 &983263365
GameObject:
  m_ObjectHideFlags: 0
  m_CorrespondingSourceObject: {fileID: 0}
  m_PrefabInstance: {fileID: 0}
  m_PrefabAsset: {fileID: 0}
  serializedVersion: 6
  m_Component:
  - component: {fileID: 983263366}
  - component: {fileID: 983263367}
  m_Layer: 0
  m_Name: Lights & Cameras
  m_TagString: Untagged
  m_Icon: {fileID: 0}
  m_NavMeshLayer: 0
  m_StaticEditorFlags: 0
  m_IsActive: 1
--- !u!4 &983263366
Transform:
  m_ObjectHideFlags: 0
  m_CorrespondingSourceObject: {fileID: 0}
  m_PrefabInstance: {fileID: 0}
  m_PrefabAsset: {fileID: 0}
  m_GameObject: {fileID: 983263365}
  m_LocalRotation: {x: 0, y: 0, z: 0, w: 1}
  m_LocalPosition: {x: 0, y: 0, z: 0}
  m_LocalScale: {x: 1, y: 1, z: 1}
  m_Children:
  - {fileID: 1143454515}
  - {fileID: 1681122494}
  m_Father: {fileID: 0}
  m_RootOrder: 2
  m_LocalEulerAnglesHint: {x: 0, y: 0, z: 0}
--- !u!114 &983263367
MonoBehaviour:
  m_ObjectHideFlags: 0
  m_CorrespondingSourceObject: {fileID: 0}
  m_PrefabInstance: {fileID: 0}
  m_PrefabAsset: {fileID: 0}
  m_GameObject: {fileID: 983263365}
  m_Enabled: 0
  m_EditorHideFlags: 0
  m_Script: {fileID: 11500000, guid: 47de523d6af9d45adb609006f1c49ccd, type: 3}
  m_Name: 
  m_EditorClassIdentifier: 
  m_obiEmitter: {fileID: 1410392881}
  emmiterspeed: 3.5
--- !u!1 &1143454512
GameObject:
  m_ObjectHideFlags: 0
  m_CorrespondingSourceObject: {fileID: 0}
  m_PrefabInstance: {fileID: 0}
  m_PrefabAsset: {fileID: 0}
  serializedVersion: 6
  m_Component:
  - component: {fileID: 1143454515}
  - component: {fileID: 1143454514}
  - component: {fileID: 1143454513}
  - component: {fileID: 1143454516}
  m_Layer: 0
  m_Name: Main Camera - Fluid
  m_TagString: MainCamera
  m_Icon: {fileID: 0}
  m_NavMeshLayer: 0
  m_StaticEditorFlags: 0
  m_IsActive: 1
--- !u!81 &1143454513
AudioListener:
  m_ObjectHideFlags: 0
  m_CorrespondingSourceObject: {fileID: 0}
  m_PrefabInstance: {fileID: 0}
  m_PrefabAsset: {fileID: 0}
  m_GameObject: {fileID: 1143454512}
  m_Enabled: 1
--- !u!20 &1143454514
Camera:
  m_ObjectHideFlags: 0
  m_CorrespondingSourceObject: {fileID: 0}
  m_PrefabInstance: {fileID: 0}
  m_PrefabAsset: {fileID: 0}
  m_GameObject: {fileID: 1143454512}
  m_Enabled: 1
  serializedVersion: 2
  m_ClearFlags: 2
  m_BackGroundColor: {r: 0.9339623, g: 0.8869589, b: 0.8326362, a: 1}
  m_projectionMatrixMode: 1
  m_GateFitMode: 2
  m_FOVAxisMode: 0
  m_SensorSize: {x: 36, y: 24}
  m_LensShift: {x: 0, y: 0}
  m_FocalLength: 50
  m_NormalizedViewPortRect:
    serializedVersion: 2
    x: 0
    y: 0
    width: 1
    height: 1
  near clip plane: 0.3
  far clip plane: 1000
  field of view: 60
  orthographic: 0
  orthographic size: 5
  m_Depth: -1
  m_CullingMask:
    serializedVersion: 2
    m_Bits: 4294967295
  m_RenderingPath: -1
  m_TargetTexture: {fileID: 0}
  m_TargetDisplay: 0
  m_TargetEye: 3
  m_HDR: 1
  m_AllowMSAA: 1
  m_AllowDynamicResolution: 0
  m_ForceIntoRT: 1
  m_OcclusionCulling: 1
  m_StereoConvergence: 10
  m_StereoSeparation: 0.022
--- !u!4 &1143454515
Transform:
  m_ObjectHideFlags: 0
  m_CorrespondingSourceObject: {fileID: 0}
  m_PrefabInstance: {fileID: 0}
  m_PrefabAsset: {fileID: 0}
  m_GameObject: {fileID: 1143454512}
  m_LocalRotation: {x: -0.0016776315, y: -0, z: -0, w: 0.9999986}
  m_LocalPosition: {x: 0, y: 0.13, z: -2.7}
  m_LocalScale: {x: 1, y: 1, z: 1}
  m_Children: []
  m_Father: {fileID: 983263366}
  m_RootOrder: 0
  m_LocalEulerAnglesHint: {x: -0.192, y: 0, z: 0}
--- !u!114 &1143454516
MonoBehaviour:
  m_ObjectHideFlags: 0
  m_CorrespondingSourceObject: {fileID: 0}
  m_PrefabInstance: {fileID: 0}
  m_PrefabAsset: {fileID: 0}
  m_GameObject: {fileID: 1143454512}
  m_Enabled: 1
  m_EditorHideFlags: 0
  m_Script: {fileID: 11500000, guid: 2c1a04b0b1141422fb89a6def170146d, type: 3}
  m_Name: 
  m_EditorClassIdentifier: 
  particleRenderers:
  - {fileID: 4978647190611177469}
  settings:
    blendSource: 5
    blendDestination: 1
    particleBlendSource: 2
    particleBlendDestination: 0
    particleZWrite: 0
    thicknessCutoff: 1.2
    thicknessDownsample: 2
    generateSurface: 1
    blurRadius: 0.02
    surfaceDownsample: 1
    lighting: 1
    smoothness: 0.8
    metalness: 0
    ambientMultiplier: 1
    generateReflection: 1
    reflection: 0.2
    generateRefraction: 1
    transparency: 1
    absorption: 5
    refraction: 0.01
    refractionDownsample: 1
    generateFoam: 1
    foamDownsample: 1
--- !u!114 &1410392881 stripped
MonoBehaviour:
  m_CorrespondingSourceObject: {fileID: 1774125090121693966, guid: f6c4f1dcc755048cfb0c33e8610b9bf4, type: 3}
  m_PrefabInstance: {fileID: 1774125091397785663}
  m_PrefabAsset: {fileID: 0}
  m_GameObject: {fileID: 0}
  m_Enabled: 1
  m_EditorHideFlags: 0
  m_Script: {fileID: 11500000, guid: 78c37f4b1f0174c6ebfdf0e7b8af64a3, type: 3}
  m_Name: 
  m_EditorClassIdentifier: 
--- !u!1 &1613308839
GameObject:
  m_ObjectHideFlags: 0
  m_CorrespondingSourceObject: {fileID: 0}
  m_PrefabInstance: {fileID: 0}
  m_PrefabAsset: {fileID: 0}
  serializedVersion: 6
  m_Component:
  - component: {fileID: 1613308841}
  - component: {fileID: 1613308840}
  m_Layer: 0
  m_Name: OniCollisionWorld
  m_TagString: Untagged
  m_Icon: {fileID: 0}
  m_NavMeshLayer: 0
  m_StaticEditorFlags: 0
  m_IsActive: 1
--- !u!114 &1613308840
MonoBehaviour:
  m_ObjectHideFlags: 0
  m_CorrespondingSourceObject: {fileID: 0}
  m_PrefabInstance: {fileID: 0}
  m_PrefabAsset: {fileID: 0}
  m_GameObject: {fileID: 1613308839}
  m_Enabled: 1
  m_EditorHideFlags: 0
  m_Script: {fileID: 11500000, guid: d02d25c24c8574316883c920912e4fdb, type: 3}
  m_Name: 
  m_EditorClassIdentifier: 
--- !u!4 &1613308841
Transform:
  m_ObjectHideFlags: 0
  m_CorrespondingSourceObject: {fileID: 0}
  m_PrefabInstance: {fileID: 0}
  m_PrefabAsset: {fileID: 0}
  m_GameObject: {fileID: 1613308839}
  m_LocalRotation: {x: 0, y: 0, z: 0, w: 1}
  m_LocalPosition: {x: 0, y: 0, z: 0}
  m_LocalScale: {x: 1, y: 1, z: 1}
  m_Children: []
  m_Father: {fileID: 0}
  m_RootOrder: 8
  m_LocalEulerAnglesHint: {x: 0, y: 0, z: 0}
--- !u!1 &1681122493
GameObject:
  m_ObjectHideFlags: 0
  m_CorrespondingSourceObject: {fileID: 0}
  m_PrefabInstance: {fileID: 0}
  m_PrefabAsset: {fileID: 0}
  serializedVersion: 6
  m_Component:
  - component: {fileID: 1681122494}
  - component: {fileID: 1681122496}
  - component: {fileID: 1681122495}
  m_Layer: 0
  m_Name: Main Camera  - Particles
  m_TagString: MainCamera
  m_Icon: {fileID: 0}
  m_NavMeshLayer: 0
  m_StaticEditorFlags: 0
  m_IsActive: 0
--- !u!4 &1681122494
Transform:
  m_ObjectHideFlags: 0
  m_CorrespondingSourceObject: {fileID: 0}
  m_PrefabInstance: {fileID: 0}
  m_PrefabAsset: {fileID: 0}
  m_GameObject: {fileID: 1681122493}
  m_LocalRotation: {x: -0.0016776315, y: -0, z: -0, w: 0.9999986}
  m_LocalPosition: {x: 0, y: 0.13, z: -2.7}
  m_LocalScale: {x: 1, y: 1, z: 1}
  m_Children: []
  m_Father: {fileID: 983263366}
  m_RootOrder: 1
  m_LocalEulerAnglesHint: {x: -0.192, y: 0, z: 0}
--- !u!81 &1681122495
AudioListener:
  m_ObjectHideFlags: 0
  m_CorrespondingSourceObject: {fileID: 0}
  m_PrefabInstance: {fileID: 0}
  m_PrefabAsset: {fileID: 0}
  m_GameObject: {fileID: 1681122493}
  m_Enabled: 1
--- !u!20 &1681122496
Camera:
  m_ObjectHideFlags: 0
  m_CorrespondingSourceObject: {fileID: 0}
  m_PrefabInstance: {fileID: 0}
  m_PrefabAsset: {fileID: 0}
  m_GameObject: {fileID: 1681122493}
  m_Enabled: 1
  serializedVersion: 2
  m_ClearFlags: 2
  m_BackGroundColor: {r: 0.9339623, g: 0.8869589, b: 0.8326362, a: 1}
  m_projectionMatrixMode: 1
  m_GateFitMode: 2
  m_FOVAxisMode: 0
  m_SensorSize: {x: 36, y: 24}
  m_LensShift: {x: 0, y: 0}
  m_FocalLength: 50
  m_NormalizedViewPortRect:
    serializedVersion: 2
    x: 0
    y: 0
    width: 1
    height: 1
  near clip plane: 0.3
  far clip plane: 1000
  field of view: 60
  orthographic: 0
  orthographic size: 5
  m_Depth: -1
  m_CullingMask:
    serializedVersion: 2
    m_Bits: 4294967295
  m_RenderingPath: -1
  m_TargetTexture: {fileID: 0}
  m_TargetDisplay: 0
  m_TargetEye: 3
  m_HDR: 1
  m_AllowMSAA: 1
  m_AllowDynamicResolution: 0
  m_ForceIntoRT: 1
  m_OcclusionCulling: 1
  m_StereoConvergence: 10
  m_StereoSeparation: 0.022
--- !u!4 &167471204084140948
Transform:
  m_ObjectHideFlags: 0
  m_CorrespondingSourceObject: {fileID: 0}
  m_PrefabInstance: {fileID: 0}
  m_PrefabAsset: {fileID: 0}
  m_GameObject: {fileID: 655601952808931630}
  m_LocalRotation: {x: -0, y: -0, z: -0, w: 1}
  m_LocalPosition: {x: 0, y: -1.1, z: -0.85}
  m_LocalScale: {x: 1.6332, y: 1.6332, z: 1.6332}
  m_Children: []
  m_Father: {fileID: 662435531}
  m_RootOrder: 1
  m_LocalEulerAnglesHint: {x: 0, y: 0, z: 0}
--- !u!1 &655601952808931630
GameObject:
  m_ObjectHideFlags: 0
  m_CorrespondingSourceObject: {fileID: 0}
  m_PrefabInstance: {fileID: 0}
  m_PrefabAsset: {fileID: 0}
  serializedVersion: 6
  m_Component:
  - component: {fileID: 167471204084140948}
  - component: {fileID: 3890302733643007025}
  - component: {fileID: 1304309895823438075}
  - component: {fileID: 655601952808931632}
  - component: {fileID: 655601952808931631}
  m_Layer: 0
  m_Name: TableForUnity
  m_TagString: Untagged
  m_Icon: {fileID: 0}
  m_NavMeshLayer: 0
  m_StaticEditorFlags: 0
  m_IsActive: 1
--- !u!114 &655601952808931631
MonoBehaviour:
  m_ObjectHideFlags: 0
  m_CorrespondingSourceObject: {fileID: 0}
  m_PrefabInstance: {fileID: 0}
  m_PrefabAsset: {fileID: 0}
  m_GameObject: {fileID: 655601952808931630}
  m_Enabled: 1
  m_EditorHideFlags: 0
  m_Script: {fileID: 11500000, guid: 6757b231cedd544c583ef8aeaf773b2a, type: 3}
  m_Name: 
  m_EditorClassIdentifier: 
  thickness: 0
  material: {fileID: 0}
  filter: 131076
  m_SourceCollider: {fileID: 655601952808931632}
  m_DistanceField: {fileID: 0}
--- !u!65 &655601952808931632
BoxCollider:
  m_ObjectHideFlags: 0
  m_CorrespondingSourceObject: {fileID: 0}
  m_PrefabInstance: {fileID: 0}
  m_PrefabAsset: {fileID: 0}
  m_GameObject: {fileID: 655601952808931630}
  m_Material: {fileID: 0}
  m_IsTrigger: 0
  m_Enabled: 1
  serializedVersion: 2
  m_Size: {x: 3.9602098, y: 2.4219313, z: 2.3812237}
  m_Center: {x: 0, y: -0.7877839, z: 0.009102523}
--- !u!23 &1304309895823438075
MeshRenderer:
  m_ObjectHideFlags: 0
  m_CorrespondingSourceObject: {fileID: 0}
  m_PrefabInstance: {fileID: 0}
  m_PrefabAsset: {fileID: 0}
  m_GameObject: {fileID: 655601952808931630}
  m_Enabled: 1
  m_CastShadows: 1
  m_ReceiveShadows: 1
  m_DynamicOccludee: 1
  m_MotionVectors: 1
  m_LightProbeUsage: 1
  m_ReflectionProbeUsage: 1
  m_RayTracingMode: 2
  m_RayTraceProcedural: 0
  m_RenderingLayerMask: 1
  m_RendererPriority: 0
  m_Materials:
  - {fileID: 2100000, guid: e0966680efe237a41aba51d6accbdd41, type: 2}
  - {fileID: 8748892135801146194, guid: bcead1a2496b0614399da2b979284726, type: 3}
  m_StaticBatchInfo:
    firstSubMesh: 0
    subMeshCount: 0
  m_StaticBatchRoot: {fileID: 0}
  m_ProbeAnchor: {fileID: 0}
  m_LightProbeVolumeOverride: {fileID: 0}
  m_ScaleInLightmap: 1
  m_ReceiveGI: 1
  m_PreserveUVs: 0
  m_IgnoreNormalsForChartDetection: 0
  m_ImportantGI: 0
  m_StitchLightmapSeams: 1
  m_SelectedEditorRenderState: 3
  m_MinimumChartSize: 4
  m_AutoUVMaxDistance: 0.5
  m_AutoUVMaxAngle: 89
  m_LightmapParameters: {fileID: 0}
  m_SortingLayerID: 0
  m_SortingLayer: 0
  m_SortingOrder: 0
  m_AdditionalVertexStreams: {fileID: 0}
--- !u!1001 &1774125091397785663
PrefabInstance:
  m_ObjectHideFlags: 0
  serializedVersion: 2
  m_Modification:
    m_TransformParent: {fileID: 0}
    m_Modifications:
    - target: {fileID: 1774125090587654452, guid: f6c4f1dcc755048cfb0c33e8610b9bf4, type: 3}
      propertyPath: m_RootOrder
      value: 4
      objectReference: {fileID: 0}
    - target: {fileID: 1774125090587654452, guid: f6c4f1dcc755048cfb0c33e8610b9bf4, type: 3}
      propertyPath: m_LocalPosition.x
      value: 0
      objectReference: {fileID: 0}
    - target: {fileID: 1774125090587654452, guid: f6c4f1dcc755048cfb0c33e8610b9bf4, type: 3}
      propertyPath: m_LocalPosition.y
      value: 0.91
      objectReference: {fileID: 0}
    - target: {fileID: 1774125090587654452, guid: f6c4f1dcc755048cfb0c33e8610b9bf4, type: 3}
      propertyPath: m_LocalPosition.z
      value: 0
      objectReference: {fileID: 0}
    - target: {fileID: 1774125090587654452, guid: f6c4f1dcc755048cfb0c33e8610b9bf4, type: 3}
      propertyPath: m_LocalRotation.w
      value: 1
      objectReference: {fileID: 0}
    - target: {fileID: 1774125090587654452, guid: f6c4f1dcc755048cfb0c33e8610b9bf4, type: 3}
      propertyPath: m_LocalRotation.x
      value: 0
      objectReference: {fileID: 0}
    - target: {fileID: 1774125090587654452, guid: f6c4f1dcc755048cfb0c33e8610b9bf4, type: 3}
      propertyPath: m_LocalRotation.y
      value: 0
      objectReference: {fileID: 0}
    - target: {fileID: 1774125090587654452, guid: f6c4f1dcc755048cfb0c33e8610b9bf4, type: 3}
      propertyPath: m_LocalRotation.z
      value: 0
      objectReference: {fileID: 0}
    - target: {fileID: 1774125090587654452, guid: f6c4f1dcc755048cfb0c33e8610b9bf4, type: 3}
      propertyPath: m_LocalEulerAnglesHint.x
      value: 0
      objectReference: {fileID: 0}
    - target: {fileID: 1774125090587654452, guid: f6c4f1dcc755048cfb0c33e8610b9bf4, type: 3}
      propertyPath: m_LocalEulerAnglesHint.y
      value: 0
      objectReference: {fileID: 0}
    - target: {fileID: 1774125090587654452, guid: f6c4f1dcc755048cfb0c33e8610b9bf4, type: 3}
      propertyPath: m_LocalEulerAnglesHint.z
      value: 0
      objectReference: {fileID: 0}
    - target: {fileID: 1774125090587654453, guid: f6c4f1dcc755048cfb0c33e8610b9bf4, type: 3}
      propertyPath: m_Enabled
      value: 1
      objectReference: {fileID: 0}
    - target: {fileID: 1774125090587654453, guid: f6c4f1dcc755048cfb0c33e8610b9bf4, type: 3}
      propertyPath: parameters.mode
      value: 0
      objectReference: {fileID: 0}
    - target: {fileID: 1774125090587654454, guid: f6c4f1dcc755048cfb0c33e8610b9bf4, type: 3}
      propertyPath: m_Name
      value: Obi Solver - Water
      objectReference: {fileID: 0}
    - target: {fileID: 1774125090587654454, guid: f6c4f1dcc755048cfb0c33e8610b9bf4, type: 3}
      propertyPath: m_IsActive
      value: 0
      objectReference: {fileID: 0}
    m_RemovedComponents: []
  m_SourcePrefab: {fileID: 100100000, guid: f6c4f1dcc755048cfb0c33e8610b9bf4, type: 3}
--- !u!114 &2330529299625675130
MonoBehaviour:
  m_ObjectHideFlags: 0
  m_CorrespondingSourceObject: {fileID: 0}
  m_PrefabInstance: {fileID: 0}
  m_PrefabAsset: {fileID: 0}
  m_GameObject: {fileID: 2330529299625675131}
  m_Enabled: 1
  m_EditorHideFlags: 0
  m_Script: {fileID: 11500000, guid: 7e0f9dbc2f19b44f58bd186fa841f61a, type: 3}
  m_Name: 
  m_EditorClassIdentifier: 
  emitter: {fileID: 2330529299625675133}
  color: {r: 1, g: 1, b: 1, a: 1}
  particleSize: 0.1259921
  distribution:
  - position: {x: 0, y: 0, z: 0}
    velocity: {x: 0, y: 0, z: 1}
    color: {r: 1, g: 1, b: 1, a: 1}
  - position: {x: 0.1259921, y: 0, z: 0}
    velocity: {x: 0, y: 0, z: 1}
    color: {r: 1, g: 1, b: 1, a: 1}
  - position: {x: 0.062996045, y: 0.10911237, z: 0}
    velocity: {x: 0, y: 0, z: 1}
    color: {r: 1, g: 1, b: 1, a: 1}
  - position: {x: -0.06299606, y: 0.10911236, z: 0}
    velocity: {x: 0, y: 0, z: 1}
    color: {r: 1, g: 1, b: 1, a: 1}
  - position: {x: -0.1259921, y: -0.0000000110145795, z: 0}
    velocity: {x: 0, y: 0, z: 1}
    color: {r: 1, g: 1, b: 1, a: 1}
  - position: {x: -0.06299604, y: -0.10911237, z: 0}
    velocity: {x: 0, y: 0, z: 1}
    color: {r: 1, g: 1, b: 1, a: 1}
  - position: {x: 0.06299604, y: -0.10911237, z: 0}
    velocity: {x: 0, y: 0, z: 1}
    color: {r: 1, g: 1, b: 1, a: 1}
  radius: 0.15
  edgeEmission: 0
--- !u!1 &2330529299625675131
GameObject:
  m_ObjectHideFlags: 0
  m_CorrespondingSourceObject: {fileID: 0}
  m_PrefabInstance: {fileID: 0}
  m_PrefabAsset: {fileID: 0}
  serializedVersion: 6
  m_Component:
  - component: {fileID: 2330529299625675132}
  - component: {fileID: 2330529299625675134}
  - component: {fileID: 2330529299625675133}
  - component: {fileID: 2330529299625675130}
  - component: {fileID: 2330529299625675135}
  m_Layer: 8
  m_Name: Emitter
  m_TagString: Untagged
  m_Icon: {fileID: 0}
  m_NavMeshLayer: 0
  m_StaticEditorFlags: 0
  m_IsActive: 1
--- !u!4 &2330529299625675132
Transform:
  m_ObjectHideFlags: 0
  m_CorrespondingSourceObject: {fileID: 0}
  m_PrefabInstance: {fileID: 0}
  m_PrefabAsset: {fileID: 0}
  m_GameObject: {fileID: 2330529299625675131}
  m_LocalRotation: {x: 0.6794571, y: -0.19580092, z: -0.19580092, w: 0.6794571}
  m_LocalPosition: {x: 0, y: 0.04, z: 0}
  m_LocalScale: {x: 1, y: 1, z: 1}
  m_Children: []
  m_Father: {fileID: 2330529299872980661}
  m_RootOrder: 0
  m_LocalEulerAnglesHint: {x: 57.849, y: -90, z: -90}
--- !u!114 &2330529299625675133
MonoBehaviour:
  m_ObjectHideFlags: 0
  m_CorrespondingSourceObject: {fileID: 0}
  m_PrefabInstance: {fileID: 0}
  m_PrefabAsset: {fileID: 0}
  m_GameObject: {fileID: 2330529299625675131}
  m_Enabled: 1
  m_EditorHideFlags: 0
  m_Script: {fileID: 11500000, guid: 78c37f4b1f0174c6ebfdf0e7b8af64a3, type: 3}
  m_Name: 
  m_EditorClassIdentifier: 
  m_CollisionMaterial: {fileID: 0}
  m_SurfaceCollisions: 0
  emitterBlueprint: {fileID: 11400000, guid: 09b8cf08e70274783a71290c088158fb, type: 2}
  emissionMethod: 0
  minPoolSize: 0.5
  speed: 2
  lifespan: 1000
  randomVelocity: 0.025
  useShapeColor: 0
  emitterShapes: []
  life:
  - 1000
  - 1000
  - 1000
  - 1000
  - 1000
  - 1000
  - 1000
  - 1000
  - 1000
  - 1000
  - 1000
  - 1000
  - 1000
  - 1000
  - 1000
  - 1000
  - 1000
  - 1000
  - 1000
  - 1000
  - 1000
  - 1000
  - 1000
  - 1000
  - 1000
  - 1000
  - 1000
  - 1000
  - 1000
  - 1000
  - 1000
  - 1000
  - 1000
  - 1000
  - 1000
  - 1000
  - 1000
  - 1000
  - 1000
  - 1000
  - 1000
  - 1000
  - 1000
  - 1000
  - 1000
  - 1000
  - 1000
  - 1000
  - 1000
  - 1000
  - 1000
  - 1000
  - 1000
  - 1000
  - 1000
  - 1000
  - 1000
  - 1000
  - 1000
  - 1000
  - 1000
  - 1000
  - 1000
  - 1000
  - 1000
  - 1000
  - 1000
  - 1000
  - 1000
  - 1000
  - 1000
  - 1000
  - 1000
  - 1000
  - 1000
  - 1000
  - 1000
  - 1000
  - 1000
  - 1000
  - 1000
  - 1000
  - 1000
  - 1000
  - 1000
  - 1000
  - 1000
  - 1000
  - 1000
  - 1000
  - 1000
  - 1000
  - 1000
  - 1000
  - 1000
  - 1000
  - 1000
  - 1000
  - 1000
  - 1000
  - 1000
  - 1000
  - 1000
  - 1000
  - 1000
  - 1000
  - 1000
  - 1000
  - 1000
  - 1000
  - 1000
  - 1000
  - 1000
  - 1000
  - 1000
  - 1000
  - 1000
  - 1000
  - 1000
  - 1000
  - 1000
  - 1000
  - 1000
  - 1000
  - 1000
  - 1000
  - 1000
  - 1000
  - 1000
  - 1000
  - 1000
  - 1000
  - 1000
  - 1000
  - 1000
  - 1000
  - 1000
  - 1000
  - 1000
  - 1000
  - 1000
  - 1000
  - 1000
  - 1000
  - 1000
  - 1000
  - 1000
  - 1000
  - 1000
  - 1000
  - 1000
  - 1000
  - 1000
  - 1000
  - 1000
  - 1000
  - 1000
  - 1000
  - 1000
  - 1000
  - 1000
  - 1000
  - 1000
  - 1000
  - 1000
  - 1000
  - 1000
  - 1000
  - 1000
  - 1000
  - 1000
  - 1000
  - 1000
  - 1000
  - 1000
  - 1000
  - 1000
  - 1000
  - 1000
  - 1000
  - 1000
  - 1000
  - 1000
  - 1000
  - 1000
  - 1000
  - 1000
  - 1000
  - 1000
  - 1000
  - 1000
  - 1000
  - 1000
  - 1000
  - 1000
  - 1000
  - 1000
  - 1000
  - 1000
  - 1000
  - 1000
  - 1000
  - 1000
  - 1000
  - 1000
  - 1000
  - 1000
  - 1000
  - 1000
  - 1000
  - 1000
  - 1000
  - 1000
  - 1000
  - 1000
  - 1000
  - 1000
  - 1000
  - 1000
  - 1000
  - 1000
  - 1000
  - 1000
  - 1000
  - 1000
  - 1000
  - 1000
  - 1000
  - 1000
  - 1000
  - 1000
  - 1000
  - 1000
  - 1000
  - 1000
  - 1000
  - 1000
  - 1000
  - 1000
  - 1000
  - 1000
  - 1000
  - 1000
  - 1000
  - 1000
  - 1000
  - 1000
  - 1000
  - 1000
  - 1000
  - 1000
  - 1000
  - 1000
  - 1000
  - 1000
  - 1000
  - 1000
  - 1000
  - 1000
  - 1000
  - 1000
  - 1000
  - 1000
  - 1000
  - 1000
  - 1000
  - 1000
  - 1000
  - 1000
  - 1000
  - 1000
  - 1000
  - 1000
  - 1000
  - 1000
  - 1000
  - 1000
  - 1000
  - 1000
  - 1000
  - 1000
  - 1000
  - 1000
  - 1000
  - 1000
  - 1000
  - 1000
  - 1000
  - 1000
  - 1000
  - 1000
  - 1000
  - 1000
  - 1000
  - 1000
  - 1000
  - 1000
  - 1000
  - 1000
  - 1000
  - 1000
  - 1000
  - 1000
  - 1000
  - 1000
  - 1000
  - 1000
  - 1000
  - 1000
  - 1000
  - 1000
  - 1000
  - 1000
  - 1000
  - 1000
  - 1000
  - 1000
  - 1000
  - 1000
  - 1000
  - 1000
  - 1000
  - 1000
  - 1000
  - 1000
  - 1000
  - 1000
  - 1000
  - 1000
  - 1000
  - 1000
  - 1000
  - 1000
  - 1000
  - 1000
  - 1000
  - 1000
  - 1000
  - 1000
  - 1000
  - 1000
  - 1000
  - 1000
  - 1000
  - 1000
  - 1000
  - 1000
  - 1000
  - 1000
  - 1000
  - 1000
  - 1000
  - 1000
  - 1000
  - 1000
  - 1000
  - 1000
  - 1000
  - 1000
  - 1000
  - 1000
  - 1000
  - 1000
  - 1000
  - 1000
  - 1000
  - 1000
  - 1000
  - 1000
  - 1000
  - 1000
  - 1000
  - 1000
  - 1000
  - 1000
  - 1000
  - 1000
  - 1000
  - 1000
  - 1000
  - 1000
  - 1000
  - 1000
  - 1000
  - 1000
  - 1000
  - 1000
  - 1000
  - 1000
  - 1000
  - 1000
  - 1000
  - 1000
  - 1000
  - 1000
  - 1000
  - 1000
  - 1000
  - 1000
  - 1000
  - 1000
  - 1000
  - 1000
  - 1000
  - 1000
  - 1000
  - 1000
  - 1000
  - 1000
  - 1000
  - 1000
  - 1000
  - 1000
  - 1000
  - 1000
  - 1000
  - 1000
  - 1000
  - 1000
  - 1000
  - 1000
  - 1000
  - 1000
  - 1000
  - 1000
  - 1000
  - 1000
  - 1000
  - 1000
  - 1000
  - 1000
  - 1000
  - 1000
  - 1000
  - 1000
  - 1000
  - 1000
  - 1000
  - 1000
  - 1000
  - 1000
  - 1000
  - 1000
  - 1000
  - 1000
  - 1000
  - 1000
  - 1000
  - 1000
  - 1000
  - 1000
  - 1000
  - 1000
  - 1000
  - 1000
  - 1000
  - 1000
  - 1000
  - 1000
  - 1000
  - 1000
  - 1000
  - 1000
  - 1000
  - 1000
  - 1000
  - 1000
  - 1000
  - 1000
  - 1000
  - 1000
  - 1000
  - 1000
  - 1000
  - 1000
  - 1000
  - 1000
  - 1000
  - 1000
  - 1000
  - 1000
  - 1000
  - 1000
  - 1000
  - 1000
  - 1000
  - 1000
  - 1000
  - 1000
  - 1000
  - 1000
  - 1000
  - 1000
  - 1000
  - 1000
  - 1000
  - 1000
  - 1000
  - 1000
  - 1000
--- !u!114 &2330529299625675134
MonoBehaviour:
  m_ObjectHideFlags: 0
  m_CorrespondingSourceObject: {fileID: 0}
  m_PrefabInstance: {fileID: 0}
  m_PrefabAsset: {fileID: 0}
  m_GameObject: {fileID: 2330529299625675131}
  m_Enabled: 1
  m_EditorHideFlags: 0
  m_Script: {fileID: 11500000, guid: 2e479c6a54eba4250a39b1f9a46c3b14, type: 3}
  m_Name: 
  m_EditorClassIdentifier: 
  gradient:
    serializedVersion: 2
    key0: {r: 1, g: 0.9246914, b: 0.8160377, a: 1}
    key1: {r: 0.5849056, g: 0.28400803, b: 0.03034888, a: 1}
    key2: {r: 0.8867924, g: 0.82947004, b: 0.73202205, a: 0}
    key3: {r: 0.955125, g: 1, b: 0, a: 0}
    key4: {r: 1, g: 0.67133105, b: 0, a: 0}
    key5: {r: 1, g: 0, b: 0, a: 0}
    key6: {r: 0, g: 0, b: 0, a: 0}
    key7: {r: 0, g: 0, b: 0, a: 0}
    ctime0: 388
    ctime1: 30893
    ctime2: 65535
    ctime3: 41105
    ctime4: 54031
    ctime5: 65535
    ctime6: 0
    ctime7: 0
    atime0: 0
    atime1: 65535
    atime2: 0
    atime3: 0
    atime4: 0
    atime5: 0
    atime6: 0
    atime7: 0
    m_Mode: 0
    m_NumColorKeys: 3
    m_NumAlphaKeys: 2
--- !u!114 &2330529299625675135
MonoBehaviour:
  m_ObjectHideFlags: 0
  m_CorrespondingSourceObject: {fileID: 0}
  m_PrefabInstance: {fileID: 0}
  m_PrefabAsset: {fileID: 0}
  m_GameObject: {fileID: 2330529299625675131}
  m_Enabled: 1
  m_EditorHideFlags: 0
  m_Script: {fileID: 11500000, guid: c8b45ebbf86be4df6b0e6cd933812af2, type: 3}
  m_Name: 
  m_EditorClassIdentifier: 
  render: 1
  shader: {fileID: 4800000, guid: 801733041f66b49e1b3c2101471db877, type: 3}
  particleColor: {r: 1, g: 1, b: 1, a: 1}
  radiusScale: 1
--- !u!114 &2330529299872980658
MonoBehaviour:
  m_ObjectHideFlags: 0
  m_CorrespondingSourceObject: {fileID: 0}
  m_PrefabInstance: {fileID: 0}
  m_PrefabAsset: {fileID: 0}
  m_GameObject: {fileID: 2330529299872980659}
  m_Enabled: 1
  m_EditorHideFlags: 0
  m_Script: {fileID: 11500000, guid: 9d174fab52f0c4b8399f25d5c3ea524c, type: 3}
  m_Name: 
  m_EditorClassIdentifier: 
  simulateWhenInvisible: 1
  m_Backend: 1
  parameters:
    mode: 0
    interpolation: 0
    gravity: {x: 0, y: -9.81, z: 0}
    damping: 0.5
    maxAnisotropy: 1
    sleepThreshold: 0.001
    collisionMargin: 0.005
    maxDepenetration: 0.5
    continuousCollisionDetection: 1
    shockPropagation: 0.7
    surfaceCollisionIterations: 8
    surfaceCollisionTolerance: 0.005
  worldLinearInertiaScale: 0
  worldAngularInertiaScale: 0
  distanceConstraintParameters:
    evaluationOrder: 0
    iterations: 2
    SORFactor: 1
    enabled: 0
  bendingConstraintParameters:
    evaluationOrder: 1
    iterations: 1
    SORFactor: 1
    enabled: 0
  particleCollisionConstraintParameters:
    evaluationOrder: 0
    iterations: 3
    SORFactor: 1
    enabled: 1
  particleFrictionConstraintParameters:
    evaluationOrder: 0
    iterations: 3
    SORFactor: 1
    enabled: 1
  collisionConstraintParameters:
    evaluationOrder: 0
    iterations: 3
    SORFactor: 1
    enabled: 1
  frictionConstraintParameters:
    evaluationOrder: 0
    iterations: 3
    SORFactor: 1
    enabled: 1
  skinConstraintParameters:
    evaluationOrder: 0
    iterations: 3
    SORFactor: 1
    enabled: 0
  volumeConstraintParameters:
    evaluationOrder: 1
    iterations: 3
    SORFactor: 1
    enabled: 0
  shapeMatchingConstraintParameters:
    evaluationOrder: 1
    iterations: 3
    SORFactor: 1
    enabled: 0
  tetherConstraintParameters:
    evaluationOrder: 1
    iterations: 2
    SORFactor: 1
    enabled: 0
  pinConstraintParameters:
    evaluationOrder: 1
    iterations: 3
    SORFactor: 1
    enabled: 0
  stitchConstraintParameters:
    evaluationOrder: 1
    iterations: 2
    SORFactor: 1
    enabled: 0
  densityConstraintParameters:
    evaluationOrder: 1
    iterations: 1
    SORFactor: 1
    enabled: 0
  stretchShearConstraintParameters:
    evaluationOrder: 0
    iterations: 3
    SORFactor: 1
    enabled: 0
  bendTwistConstraintParameters:
    evaluationOrder: 0
    iterations: 3
    SORFactor: 1
    enabled: 0
  chainConstraintParameters:
    evaluationOrder: 0
    iterations: 3
    SORFactor: 1
    enabled: 0
--- !u!1 &2330529299872980659
GameObject:
  m_ObjectHideFlags: 0
  m_CorrespondingSourceObject: {fileID: 0}
  m_PrefabInstance: {fileID: 0}
  m_PrefabAsset: {fileID: 0}
  serializedVersion: 6
  m_Component:
  - component: {fileID: 2330529299872980661}
  - component: {fileID: 2330529299872980658}
  - component: {fileID: 2330529299872980660}
  m_Layer: 11
  m_Name: Obi Solver - Choclate 2
  m_TagString: Untagged
  m_Icon: {fileID: 0}
  m_NavMeshLayer: 0
  m_StaticEditorFlags: 0
  m_IsActive: 0
--- !u!114 &2330529299872980660
MonoBehaviour:
  m_ObjectHideFlags: 0
  m_CorrespondingSourceObject: {fileID: 0}
  m_PrefabInstance: {fileID: 0}
  m_PrefabAsset: {fileID: 0}
  m_GameObject: {fileID: 2330529299872980659}
  m_Enabled: 1
  m_EditorHideFlags: 0
  m_Script: {fileID: 11500000, guid: 1d9704d540ac448439a425526f6b2986, type: 3}
  m_Name: 
  m_EditorClassIdentifier: 
  solvers:
  - {fileID: 2330529299872980658}
  substeps: 1
--- !u!4 &2330529299872980661
Transform:
  m_ObjectHideFlags: 0
  m_CorrespondingSourceObject: {fileID: 0}
  m_PrefabInstance: {fileID: 0}
  m_PrefabAsset: {fileID: 0}
  m_GameObject: {fileID: 2330529299872980659}
  m_LocalRotation: {x: -0, y: -0, z: 0.09068124, w: 0.99587995}
  m_LocalPosition: {x: 0.061, y: 0.736, z: 0.07}
  m_LocalScale: {x: 1, y: 1, z: 1}
  m_Children:
  - {fileID: 2330529299625675132}
  m_Father: {fileID: 0}
  m_RootOrder: 6
  m_LocalEulerAnglesHint: {x: 0, y: 0, z: 10.406}
--- !u!4 &2584177261222977388
Transform:
  m_ObjectHideFlags: 0
  m_CorrespondingSourceObject: {fileID: 0}
  m_PrefabInstance: {fileID: 0}
  m_PrefabAsset: {fileID: 0}
  m_GameObject: {fileID: 2584177261222977391}
  m_LocalRotation: {x: 0, y: -0.7071068, z: 0.7071068, w: 0}
  m_LocalPosition: {x: 0, y: 0, z: 0}
  m_LocalScale: {x: 1, y: 1, z: 1}
  m_Children: []
  m_Father: {fileID: 2584177262895848777}
  m_RootOrder: 0
  m_LocalEulerAnglesHint: {x: 90, y: 0, z: 180}
--- !u!114 &2584177261222977389
MonoBehaviour:
  m_ObjectHideFlags: 0
  m_CorrespondingSourceObject: {fileID: 0}
  m_PrefabInstance: {fileID: 0}
  m_PrefabAsset: {fileID: 0}
  m_GameObject: {fileID: 2584177261222977391}
  m_Enabled: 1
  m_EditorHideFlags: 0
  m_Script: {fileID: 11500000, guid: c8b45ebbf86be4df6b0e6cd933812af2, type: 3}
  m_Name: 
  m_EditorClassIdentifier: 
  render: 0
  shader: {fileID: 4800000, guid: 801733041f66b49e1b3c2101471db877, type: 3}
  particleColor: {r: 0.92156863, g: 0.99607843, b: 1, a: 0.49019608}
  radiusScale: 1.7
--- !u!1 &2584177261222977391
GameObject:
  m_ObjectHideFlags: 0
  m_CorrespondingSourceObject: {fileID: 0}
  m_PrefabInstance: {fileID: 0}
  m_PrefabAsset: {fileID: 0}
  serializedVersion: 6
  m_Component:
  - component: {fileID: 2584177261222977388}
  - component: {fileID: 2584177261222977395}
  - component: {fileID: 2584177261222977394}
  - component: {fileID: 2584177261222977389}
  m_Layer: 0
  m_Name: Obi Emitter
  m_TagString: Untagged
  m_Icon: {fileID: 0}
  m_NavMeshLayer: 0
  m_StaticEditorFlags: 0
  m_IsActive: 1
--- !u!114 &2584177261222977394
MonoBehaviour:
  m_ObjectHideFlags: 0
  m_CorrespondingSourceObject: {fileID: 0}
  m_PrefabInstance: {fileID: 0}
  m_PrefabAsset: {fileID: 0}
  m_GameObject: {fileID: 2584177261222977391}
  m_Enabled: 1
  m_EditorHideFlags: 0
  m_Script: {fileID: 11500000, guid: 7e0f9dbc2f19b44f58bd186fa841f61a, type: 3}
  m_Name: 
  m_EditorClassIdentifier: 
  emitter: {fileID: 2584177261222977395}
  color: {r: 1, g: 1, b: 1, a: 1}
  particleSize: 0.1259921
  distribution:
  - position: {x: 0, y: 0, z: 0}
    velocity: {x: 0, y: 0, z: 1}
    color: {r: 1, g: 1, b: 1, a: 1}
  - position: {x: 0.1259921, y: 0, z: 0}
    velocity: {x: 0, y: 0, z: 1}
    color: {r: 1, g: 1, b: 1, a: 1}
  - position: {x: 0.062996045, y: 0.10911237, z: 0}
    velocity: {x: 0, y: 0, z: 1}
    color: {r: 1, g: 1, b: 1, a: 1}
  - position: {x: -0.06299606, y: 0.10911236, z: 0}
    velocity: {x: 0, y: 0, z: 1}
    color: {r: 1, g: 1, b: 1, a: 1}
  - position: {x: -0.1259921, y: -0.0000000110145795, z: 0}
    velocity: {x: 0, y: 0, z: 1}
    color: {r: 1, g: 1, b: 1, a: 1}
  - position: {x: -0.06299604, y: -0.10911237, z: 0}
    velocity: {x: 0, y: 0, z: 1}
    color: {r: 1, g: 1, b: 1, a: 1}
  - position: {x: 0.06299604, y: -0.10911237, z: 0}
    velocity: {x: 0, y: 0, z: 1}
    color: {r: 1, g: 1, b: 1, a: 1}
  radius: 0.2
  edgeEmission: 0
--- !u!114 &2584177261222977395
MonoBehaviour:
  m_ObjectHideFlags: 0
  m_CorrespondingSourceObject: {fileID: 0}
  m_PrefabInstance: {fileID: 0}
  m_PrefabAsset: {fileID: 0}
  m_GameObject: {fileID: 2584177261222977391}
  m_Enabled: 1
  m_EditorHideFlags: 0
  m_Script: {fileID: 11500000, guid: 78c37f4b1f0174c6ebfdf0e7b8af64a3, type: 3}
  m_Name: 
  m_EditorClassIdentifier: 
  m_CollisionMaterial: {fileID: 0}
  m_SurfaceCollisions: 0
  emitterBlueprint: {fileID: 11400000, guid: 971b0ee00b3984751b8ca228aa9dd280, type: 2}
  emissionMethod: 0
  minPoolSize: 0.5
  speed: 3.2
  lifespan: 100
  randomVelocity: 0.1
  useShapeColor: 1
  emitterShapes: []
  life:
  - 100
  - 100
  - 100
  - 100
  - 100
  - 100
  - 100
  - 100
  - 100
  - 100
  - 100
  - 100
  - 100
  - 100
  - 100
  - 100
  - 100
  - 100
  - 100
  - 100
  - 100
  - 100
  - 100
  - 100
  - 100
  - 100
  - 100
  - 100
  - 100
  - 100
  - 100
  - 100
  - 100
  - 100
  - 100
  - 100
  - 100
  - 100
  - 100
  - 100
  - 100
  - 100
  - 100
  - 100
  - 100
  - 100
  - 100
  - 100
  - 100
  - 100
  - 100
  - 100
  - 100
  - 100
  - 100
  - 100
  - 100
  - 100
  - 100
  - 100
  - 100
  - 100
  - 100
  - 100
  - 100
  - 100
  - 100
  - 100
  - 100
  - 100
  - 100
  - 100
  - 100
  - 100
  - 100
  - 100
  - 100
  - 100
  - 100
  - 100
  - 100
  - 100
  - 100
  - 100
  - 100
  - 100
  - 100
  - 100
  - 100
  - 100
  - 100
  - 100
  - 100
  - 100
  - 100
  - 100
  - 100
  - 100
  - 100
  - 100
  - 100
  - 100
  - 100
  - 100
  - 100
  - 100
  - 100
  - 100
  - 100
  - 100
  - 100
  - 100
  - 100
  - 100
  - 100
  - 100
  - 100
  - 100
  - 100
  - 100
  - 100
  - 100
  - 100
  - 100
  - 100
  - 100
  - 100
  - 100
  - 100
  - 100
  - 100
  - 100
  - 100
  - 100
  - 100
  - 100
  - 100
  - 100
  - 100
  - 100
  - 100
  - 100
  - 100
  - 100
  - 100
  - 100
  - 100
  - 100
  - 100
  - 100
  - 100
  - 100
  - 100
  - 100
  - 100
  - 100
  - 100
  - 100
  - 100
  - 100
  - 100
  - 100
  - 100
  - 100
  - 100
  - 100
  - 100
  - 100
  - 100
  - 100
  - 100
  - 100
  - 100
  - 100
  - 100
  - 100
  - 100
  - 100
  - 100
  - 100
  - 100
  - 100
  - 100
  - 100
  - 100
  - 100
  - 100
  - 100
  - 100
  - 100
  - 100
  - 100
  - 100
  - 100
  - 100
  - 100
  - 100
  - 100
  - 100
  - 100
  - 100
  - 100
  - 100
  - 100
  - 100
  - 100
  - 100
  - 100
  - 100
  - 100
  - 100
  - 100
  - 100
  - 100
  - 100
  - 100
  - 100
  - 100
  - 100
  - 100
  - 100
  - 100
  - 100
  - 100
  - 100
  - 100
  - 100
  - 100
  - 100
  - 100
  - 100
  - 100
  - 100
  - 100
  - 100
  - 100
  - 100
  - 100
  - 100
  - 100
  - 100
  - 100
  - 100
  - 100
  - 100
  - 100
  - 100
  - 100
  - 100
  - 100
  - 100
  - 100
  - 100
  - 100
  - 100
  - 100
  - 100
  - 100
  - 100
  - 100
  - 100
  - 100
  - 100
  - 100
  - 100
  - 100
  - 100
  - 100
  - 100
  - 100
  - 100
  - 100
  - 100
  - 100
  - 100
  - 100
  - 100
  - 100
  - 100
  - 100
  - 100
  - 100
  - 100
  - 100
  - 100
  - 100
  - 100
  - 100
  - 100
  - 100
  - 100
  - 100
  - 100
  - 100
  - 100
  - 100
  - 100
  - 100
  - 100
  - 100
  - 100
  - 100
  - 100
  - 100
  - 100
  - 100
  - 100
  - 100
  - 100
  - 100
  - 100
  - 100
  - 100
  - 100
  - 100
  - 100
  - 100
  - 100
  - 100
  - 100
  - 100
  - 100
  - 100
  - 100
  - 100
  - 100
  - 100
  - 100
  - 100
  - 100
  - 100
  - 100
  - 100
  - 100
  - 100
  - 100
  - 100
  - 100
  - 100
  - 100
  - 100
  - 100
  - 100
  - 100
  - 100
  - 100
  - 100
  - 100
  - 100
  - 100
  - 100
  - 100
  - 100
  - 100
  - 100
  - 100
  - 100
  - 100
  - 100
  - 100
  - 100
  - 100
  - 100
  - 100
  - 100
  - 100
  - 100
  - 100
  - 100
  - 100
  - 100
  - 100
  - 100
  - 100
  - 100
  - 100
  - 100
  - 100
  - 100
  - 100
  - 100
  - 100
  - 100
  - 100
  - 100
  - 100
  - 100
  - 100
  - 100
  - 100
  - 100
  - 100
  - 100
  - 100
  - 100
  - 100
  - 100
  - 100
  - 100
  - 100
  - 100
  - 100
  - 100
  - 100
  - 100
  - 100
  - 100
  - 100
  - 100
  - 100
  - 100
  - 100
  - 100
  - 100
  - 100
  - 100
  - 100
  - 100
  - 100
  - 100
  - 100
  - 100
  - 100
  - 100
  - 100
  - 100
  - 100
  - 100
  - 100
  - 100
  - 100
  - 100
  - 100
  - 100
  - 100
  - 100
  - 100
  - 100
  - 100
  - 100
  - 100
  - 100
  - 100
  - 100
  - 100
  - 100
  - 100
  - 100
  - 100
  - 100
--- !u!114 &2584177262895848776
MonoBehaviour:
  m_ObjectHideFlags: 0
  m_CorrespondingSourceObject: {fileID: 0}
  m_PrefabInstance: {fileID: 0}
  m_PrefabAsset: {fileID: 0}
  m_GameObject: {fileID: 2584177262895848779}
  m_Enabled: 1
  m_EditorHideFlags: 0
  m_Script: {fileID: 11500000, guid: 9d174fab52f0c4b8399f25d5c3ea524c, type: 3}
  m_Name: 
  m_EditorClassIdentifier: 
  simulateWhenInvisible: 1
  m_Backend: 1
  parameters:
    mode: 0
    interpolation: 0
    gravity: {x: 0, y: -10, z: 0}
    damping: 0
    maxAnisotropy: 3
    sleepThreshold: 0
    collisionMargin: 0.001
    maxDepenetration: 5
    continuousCollisionDetection: 1
    shockPropagation: 0
    surfaceCollisionIterations: 8
    surfaceCollisionTolerance: 0.005
  worldLinearInertiaScale: 0
  worldAngularInertiaScale: 0
  distanceConstraintParameters:
    evaluationOrder: 0
    iterations: 1
    SORFactor: 1
    enabled: 1
  bendingConstraintParameters:
    evaluationOrder: 1
    iterations: 1
    SORFactor: 1
    enabled: 1
  particleCollisionConstraintParameters:
    evaluationOrder: 0
    iterations: 1
    SORFactor: 1
    enabled: 1
  particleFrictionConstraintParameters:
    evaluationOrder: 1
    iterations: 1
    SORFactor: 1
    enabled: 1
  collisionConstraintParameters:
    evaluationOrder: 0
    iterations: 1
    SORFactor: 1
    enabled: 1
  frictionConstraintParameters:
    evaluationOrder: 1
    iterations: 1
    SORFactor: 1
    enabled: 1
  skinConstraintParameters:
    evaluationOrder: 0
    iterations: 1
    SORFactor: 1
    enabled: 1
  volumeConstraintParameters:
    evaluationOrder: 1
    iterations: 1
    SORFactor: 1
    enabled: 1
  shapeMatchingConstraintParameters:
    evaluationOrder: 1
    iterations: 1
    SORFactor: 1
    enabled: 1
  tetherConstraintParameters:
    evaluationOrder: 1
    iterations: 1
    SORFactor: 1
    enabled: 1
  pinConstraintParameters:
    evaluationOrder: 1
    iterations: 1
    SORFactor: 1
    enabled: 1
  stitchConstraintParameters:
    evaluationOrder: 1
    iterations: 1
    SORFactor: 1
    enabled: 1
  densityConstraintParameters:
    evaluationOrder: 1
    iterations: 1
    SORFactor: 1
    enabled: 1
  stretchShearConstraintParameters:
    evaluationOrder: 0
    iterations: 1
    SORFactor: 1
    enabled: 1
  bendTwistConstraintParameters:
    evaluationOrder: 0
    iterations: 1
    SORFactor: 1
    enabled: 1
  chainConstraintParameters:
    evaluationOrder: 0
    iterations: 1
    SORFactor: 1
    enabled: 0
--- !u!4 &2584177262895848777
Transform:
  m_ObjectHideFlags: 0
  m_CorrespondingSourceObject: {fileID: 0}
  m_PrefabInstance: {fileID: 0}
  m_PrefabAsset: {fileID: 0}
  m_GameObject: {fileID: 2584177262895848779}
  m_LocalRotation: {x: 0, y: 0, z: 0, w: 1}
  m_LocalPosition: {x: 0, y: 0.91, z: 0}
  m_LocalScale: {x: 1, y: 1, z: 1}
  m_Children:
  - {fileID: 2584177261222977388}
  m_Father: {fileID: 0}
  m_RootOrder: 5
  m_LocalEulerAnglesHint: {x: 0, y: 0, z: 0}
--- !u!1 &2584177262895848779
GameObject:
  m_ObjectHideFlags: 0
  m_CorrespondingSourceObject: {fileID: 0}
  m_PrefabInstance: {fileID: 0}
  m_PrefabAsset: {fileID: 0}
  serializedVersion: 6
  m_Component:
  - component: {fileID: 2584177262895848777}
  - component: {fileID: 2584177262895848776}
  - component: {fileID: 2584177262895848782}
  m_Layer: 0
  m_Name: Obi Solver - ?
  m_TagString: Untagged
  m_Icon: {fileID: 0}
  m_NavMeshLayer: 0
  m_StaticEditorFlags: 0
  m_IsActive: 0
--- !u!114 &2584177262895848782
MonoBehaviour:
  m_ObjectHideFlags: 0
  m_CorrespondingSourceObject: {fileID: 0}
  m_PrefabInstance: {fileID: 0}
  m_PrefabAsset: {fileID: 0}
  m_GameObject: {fileID: 2584177262895848779}
  m_Enabled: 1
  m_EditorHideFlags: 0
  m_Script: {fileID: 11500000, guid: 1d9704d540ac448439a425526f6b2986, type: 3}
  m_Name: 
  m_EditorClassIdentifier: 
  solvers:
  - {fileID: 2584177262895848776}
  substeps: 1
--- !u!1001 &3273936550875007778
PrefabInstance:
  m_ObjectHideFlags: 0
  serializedVersion: 2
  m_Modification:
    m_TransformParent: {fileID: 0}
    m_Modifications:
    - target: {fileID: 7528029352478847763, guid: e3b8ea20b5ea848649d92f9fb59d41b3, type: 3}
      propertyPath: m_Name
      value: Milk - 2D test
      objectReference: {fileID: 0}
    - target: {fileID: 7528029352478847765, guid: e3b8ea20b5ea848649d92f9fb59d41b3, type: 3}
      propertyPath: m_RootOrder
      value: 9
      objectReference: {fileID: 0}
    - target: {fileID: 7528029352478847765, guid: e3b8ea20b5ea848649d92f9fb59d41b3, type: 3}
      propertyPath: m_LocalPosition.x
      value: 0
      objectReference: {fileID: 0}
    - target: {fileID: 7528029352478847765, guid: e3b8ea20b5ea848649d92f9fb59d41b3, type: 3}
      propertyPath: m_LocalPosition.y
      value: 1.01
      objectReference: {fileID: 0}
    - target: {fileID: 7528029352478847765, guid: e3b8ea20b5ea848649d92f9fb59d41b3, type: 3}
      propertyPath: m_LocalPosition.z
      value: 0
      objectReference: {fileID: 0}
    - target: {fileID: 7528029352478847765, guid: e3b8ea20b5ea848649d92f9fb59d41b3, type: 3}
      propertyPath: m_LocalRotation.w
      value: 1
      objectReference: {fileID: 0}
    - target: {fileID: 7528029352478847765, guid: e3b8ea20b5ea848649d92f9fb59d41b3, type: 3}
      propertyPath: m_LocalRotation.x
      value: 0
      objectReference: {fileID: 0}
    - target: {fileID: 7528029352478847765, guid: e3b8ea20b5ea848649d92f9fb59d41b3, type: 3}
      propertyPath: m_LocalRotation.y
      value: 0
      objectReference: {fileID: 0}
    - target: {fileID: 7528029352478847765, guid: e3b8ea20b5ea848649d92f9fb59d41b3, type: 3}
      propertyPath: m_LocalRotation.z
      value: 0
      objectReference: {fileID: 0}
    - target: {fileID: 7528029352478847765, guid: e3b8ea20b5ea848649d92f9fb59d41b3, type: 3}
      propertyPath: m_LocalEulerAnglesHint.x
      value: 0
      objectReference: {fileID: 0}
    - target: {fileID: 7528029352478847765, guid: e3b8ea20b5ea848649d92f9fb59d41b3, type: 3}
      propertyPath: m_LocalEulerAnglesHint.y
      value: 0
      objectReference: {fileID: 0}
    - target: {fileID: 7528029352478847765, guid: e3b8ea20b5ea848649d92f9fb59d41b3, type: 3}
      propertyPath: m_LocalEulerAnglesHint.z
      value: 0
      objectReference: {fileID: 0}
    m_RemovedComponents: []
  m_SourcePrefab: {fileID: 100100000, guid: e3b8ea20b5ea848649d92f9fb59d41b3, type: 3}
--- !u!33 &3890302733643007025
MeshFilter:
  m_ObjectHideFlags: 0
  m_CorrespondingSourceObject: {fileID: 0}
  m_PrefabInstance: {fileID: 0}
  m_PrefabAsset: {fileID: 0}
  m_GameObject: {fileID: 655601952808931630}
  m_Mesh: {fileID: -6268689464770446571, guid: bcead1a2496b0614399da2b979284726, type: 3}
--- !u!1001 &4033031125522814525
PrefabInstance:
  m_ObjectHideFlags: 0
  serializedVersion: 2
  m_Modification:
    m_TransformParent: {fileID: 0}
    m_Modifications:
    - target: {fileID: 4033031124601969142, guid: 7769657a30a8d4b9fa5af2b78e7f4718, type: 3}
      propertyPath: m_Pivot.x
      value: 0
      objectReference: {fileID: 0}
    - target: {fileID: 4033031124601969142, guid: 7769657a30a8d4b9fa5af2b78e7f4718, type: 3}
      propertyPath: m_Pivot.y
      value: 0
      objectReference: {fileID: 0}
    - target: {fileID: 4033031124601969142, guid: 7769657a30a8d4b9fa5af2b78e7f4718, type: 3}
      propertyPath: m_RootOrder
      value: 1
      objectReference: {fileID: 0}
    - target: {fileID: 4033031124601969142, guid: 7769657a30a8d4b9fa5af2b78e7f4718, type: 3}
      propertyPath: m_AnchorMax.x
      value: 0
      objectReference: {fileID: 0}
    - target: {fileID: 4033031124601969142, guid: 7769657a30a8d4b9fa5af2b78e7f4718, type: 3}
      propertyPath: m_AnchorMax.y
      value: 0
      objectReference: {fileID: 0}
    - target: {fileID: 4033031124601969142, guid: 7769657a30a8d4b9fa5af2b78e7f4718, type: 3}
      propertyPath: m_AnchorMin.x
      value: 0
      objectReference: {fileID: 0}
    - target: {fileID: 4033031124601969142, guid: 7769657a30a8d4b9fa5af2b78e7f4718, type: 3}
      propertyPath: m_AnchorMin.y
      value: 0
      objectReference: {fileID: 0}
    - target: {fileID: 4033031124601969142, guid: 7769657a30a8d4b9fa5af2b78e7f4718, type: 3}
      propertyPath: m_SizeDelta.x
      value: 0
      objectReference: {fileID: 0}
    - target: {fileID: 4033031124601969142, guid: 7769657a30a8d4b9fa5af2b78e7f4718, type: 3}
      propertyPath: m_SizeDelta.y
      value: 0
      objectReference: {fileID: 0}
    - target: {fileID: 4033031124601969142, guid: 7769657a30a8d4b9fa5af2b78e7f4718, type: 3}
      propertyPath: m_LocalPosition.x
      value: 0
      objectReference: {fileID: 0}
    - target: {fileID: 4033031124601969142, guid: 7769657a30a8d4b9fa5af2b78e7f4718, type: 3}
      propertyPath: m_LocalPosition.y
      value: 0
      objectReference: {fileID: 0}
    - target: {fileID: 4033031124601969142, guid: 7769657a30a8d4b9fa5af2b78e7f4718, type: 3}
      propertyPath: m_LocalPosition.z
      value: 0
      objectReference: {fileID: 0}
    - target: {fileID: 4033031124601969142, guid: 7769657a30a8d4b9fa5af2b78e7f4718, type: 3}
      propertyPath: m_LocalRotation.w
      value: 1
      objectReference: {fileID: 0}
    - target: {fileID: 4033031124601969142, guid: 7769657a30a8d4b9fa5af2b78e7f4718, type: 3}
      propertyPath: m_LocalRotation.x
      value: 0
      objectReference: {fileID: 0}
    - target: {fileID: 4033031124601969142, guid: 7769657a30a8d4b9fa5af2b78e7f4718, type: 3}
      propertyPath: m_LocalRotation.y
      value: 0
      objectReference: {fileID: 0}
    - target: {fileID: 4033031124601969142, guid: 7769657a30a8d4b9fa5af2b78e7f4718, type: 3}
      propertyPath: m_LocalRotation.z
      value: 0
      objectReference: {fileID: 0}
    - target: {fileID: 4033031124601969142, guid: 7769657a30a8d4b9fa5af2b78e7f4718, type: 3}
      propertyPath: m_AnchoredPosition.x
      value: 0
      objectReference: {fileID: 0}
    - target: {fileID: 4033031124601969142, guid: 7769657a30a8d4b9fa5af2b78e7f4718, type: 3}
      propertyPath: m_AnchoredPosition.y
      value: 0
      objectReference: {fileID: 0}
    - target: {fileID: 4033031124601969142, guid: 7769657a30a8d4b9fa5af2b78e7f4718, type: 3}
      propertyPath: m_LocalEulerAnglesHint.x
      value: 0
      objectReference: {fileID: 0}
    - target: {fileID: 4033031124601969142, guid: 7769657a30a8d4b9fa5af2b78e7f4718, type: 3}
      propertyPath: m_LocalEulerAnglesHint.y
      value: 0
      objectReference: {fileID: 0}
    - target: {fileID: 4033031124601969142, guid: 7769657a30a8d4b9fa5af2b78e7f4718, type: 3}
      propertyPath: m_LocalEulerAnglesHint.z
      value: 0
      objectReference: {fileID: 0}
    - target: {fileID: 4033031124601969146, guid: 7769657a30a8d4b9fa5af2b78e7f4718, type: 3}
      propertyPath: m_Name
      value: FPS desplay
      objectReference: {fileID: 0}
    m_RemovedComponents: []
  m_SourcePrefab: {fileID: 100100000, guid: 7769657a30a8d4b9fa5af2b78e7f4718, type: 3}
--- !u!33 &4861139552356224001
MeshFilter:
  m_ObjectHideFlags: 0
  m_CorrespondingSourceObject: {fileID: 0}
  m_PrefabInstance: {fileID: 0}
  m_PrefabAsset: {fileID: 0}
  m_GameObject: {fileID: 4861139552359190529}
  m_Mesh: {fileID: 4300000, guid: c8b059c121b298c47a11483322990f21, type: 3}
--- !u!23 &4861139552357191361
MeshRenderer:
  m_ObjectHideFlags: 0
  m_CorrespondingSourceObject: {fileID: 0}
  m_PrefabInstance: {fileID: 0}
  m_PrefabAsset: {fileID: 0}
  m_GameObject: {fileID: 4861139552359190529}
  m_Enabled: 1
  m_CastShadows: 1
  m_ReceiveShadows: 1
  m_DynamicOccludee: 1
  m_MotionVectors: 1
  m_LightProbeUsage: 1
  m_ReflectionProbeUsage: 1
  m_RayTracingMode: 2
  m_RayTraceProcedural: 0
  m_RenderingLayerMask: 1
  m_RendererPriority: 0
  m_Materials:
  - {fileID: 2100000, guid: 4990edfc97a497c47b504c2cd0658112, type: 2}
  m_StaticBatchInfo:
    firstSubMesh: 0
    subMeshCount: 0
  m_StaticBatchRoot: {fileID: 0}
  m_ProbeAnchor: {fileID: 0}
  m_LightProbeVolumeOverride: {fileID: 0}
  m_ScaleInLightmap: 1
  m_ReceiveGI: 1
  m_PreserveUVs: 0
  m_IgnoreNormalsForChartDetection: 0
  m_ImportantGI: 0
  m_StitchLightmapSeams: 1
  m_SelectedEditorRenderState: 3
  m_MinimumChartSize: 4
  m_AutoUVMaxDistance: 0.5
  m_AutoUVMaxAngle: 89
  m_LightmapParameters: {fileID: 0}
  m_SortingLayerID: 0
  m_SortingLayer: 0
  m_SortingOrder: 0
  m_AdditionalVertexStreams: {fileID: 0}
--- !u!1 &4861139552359190529
GameObject:
  m_ObjectHideFlags: 0
  m_CorrespondingSourceObject: {fileID: 0}
  m_PrefabInstance: {fileID: 0}
  m_PrefabAsset: {fileID: 0}
  serializedVersion: 6
  m_Component:
  - component: {fileID: 4861139552359615521}
  - component: {fileID: 4861139552356224001}
  - component: {fileID: 4861139552357191361}
  - component: {fileID: 4861139552359190531}
  - component: {fileID: 4861139552359190530}
  m_Layer: 0
  m_Name: Cauldron_Lg_Empty
  m_TagString: Untagged
  m_Icon: {fileID: 0}
  m_NavMeshLayer: 0
  m_StaticEditorFlags: 0
  m_IsActive: 1
--- !u!114 &4861139552359190530
MonoBehaviour:
  m_ObjectHideFlags: 0
  m_CorrespondingSourceObject: {fileID: 0}
  m_PrefabInstance: {fileID: 0}
  m_PrefabAsset: {fileID: 0}
  m_GameObject: {fileID: 4861139552359190529}
  m_Enabled: 1
  m_EditorHideFlags: 0
  m_Script: {fileID: 11500000, guid: 6757b231cedd544c583ef8aeaf773b2a, type: 3}
  m_Name: 
  m_EditorClassIdentifier: 
  thickness: 0
  material: {fileID: 0}
  filter: -65535
  m_SourceCollider: {fileID: 4861139552359190531}
  m_DistanceField: {fileID: 0}
--- !u!64 &4861139552359190531
MeshCollider:
  m_ObjectHideFlags: 0
  m_CorrespondingSourceObject: {fileID: 0}
  m_PrefabInstance: {fileID: 0}
  m_PrefabAsset: {fileID: 0}
  m_GameObject: {fileID: 4861139552359190529}
  m_Material: {fileID: 0}
  m_IsTrigger: 0
  m_Enabled: 1
  serializedVersion: 4
  m_Convex: 1
  m_CookingOptions: 30
  m_Mesh: {fileID: 4300000, guid: c8b059c121b298c47a11483322990f21, type: 3}
--- !u!4 &4861139552359615521
Transform:
  m_ObjectHideFlags: 0
  m_CorrespondingSourceObject: {fileID: 0}
  m_PrefabInstance: {fileID: 0}
  m_PrefabAsset: {fileID: 0}
  m_GameObject: {fileID: 4861139552359190529}
  m_LocalRotation: {x: -0, y: -0, z: -0, w: 1}
  m_LocalPosition: {x: -0.025, y: -0.39, z: 0}
  m_LocalScale: {x: 0.8, y: 1.008941, z: 0.8}
  m_Children: []
  m_Father: {fileID: 662435531}
  m_RootOrder: 0
  m_LocalEulerAnglesHint: {x: 0, y: 0, z: 0}
--- !u!114 &4978647190611177469 stripped
MonoBehaviour:
  m_CorrespondingSourceObject: {fileID: 7528029352231085279, guid: e3b8ea20b5ea848649d92f9fb59d41b3, type: 3}
  m_PrefabInstance: {fileID: 3273936550875007778}
  m_PrefabAsset: {fileID: 0}
  m_GameObject: {fileID: 0}
  m_Enabled: 1
  m_EditorHideFlags: 0
  m_Script: {fileID: 11500000, guid: c8b45ebbf86be4df6b0e6cd933812af2, type: 3}
  m_Name: 
  m_EditorClassIdentifier: 
--- !u!114 &9032636217344664520
MonoBehaviour:
  m_ObjectHideFlags: 0
  m_CorrespondingSourceObject: {fileID: 0}
  m_PrefabInstance: {fileID: 0}
  m_PrefabAsset: {fileID: 0}
  m_GameObject: {fileID: 9032636217344664521}
  m_Enabled: 1
  m_EditorHideFlags: 0
  m_Script: {fileID: 11500000, guid: 9d174fab52f0c4b8399f25d5c3ea524c, type: 3}
  m_Name: 
  m_EditorClassIdentifier: 
  simulateWhenInvisible: 1
  m_Backend: 0
  parameters:
    mode: 1
    interpolation: 0
    gravity: {x: 0, y: -20, z: 0}
    damping: 0
    maxAnisotropy: 3
    sleepThreshold: 0
    collisionMargin: 0.001
    maxDepenetration: 5
    continuousCollisionDetection: 1
    shockPropagation: 0
    surfaceCollisionIterations: 8
    surfaceCollisionTolerance: 0.005
  worldLinearInertiaScale: 0
  worldAngularInertiaScale: 0
  distanceConstraintParameters:
    evaluationOrder: 0
    iterations: 1
    SORFactor: 1
    enabled: 1
  bendingConstraintParameters:
    evaluationOrder: 1
    iterations: 1
    SORFactor: 1
    enabled: 1
  particleCollisionConstraintParameters:
    evaluationOrder: 0
    iterations: 1
    SORFactor: 1
    enabled: 1
  particleFrictionConstraintParameters:
    evaluationOrder: 1
    iterations: 1
    SORFactor: 1
    enabled: 1
  collisionConstraintParameters:
    evaluationOrder: 0
    iterations: 1
    SORFactor: 1
    enabled: 1
  frictionConstraintParameters:
    evaluationOrder: 1
    iterations: 1
    SORFactor: 1
    enabled: 1
  skinConstraintParameters:
    evaluationOrder: 0
    iterations: 1
    SORFactor: 1
    enabled: 1
  volumeConstraintParameters:
    evaluationOrder: 1
    iterations: 1
    SORFactor: 1
    enabled: 1
  shapeMatchingConstraintParameters:
    evaluationOrder: 1
    iterations: 1
    SORFactor: 1
    enabled: 1
  tetherConstraintParameters:
    evaluationOrder: 1
    iterations: 1
    SORFactor: 1
    enabled: 1
  pinConstraintParameters:
    evaluationOrder: 1
    iterations: 1
    SORFactor: 1
    enabled: 1
  stitchConstraintParameters:
    evaluationOrder: 1
    iterations: 1
    SORFactor: 1
    enabled: 1
  densityConstraintParameters:
    evaluationOrder: 1
    iterations: 1
    SORFactor: 1
    enabled: 1
  stretchShearConstraintParameters:
    evaluationOrder: 0
    iterations: 1
    SORFactor: 1
    enabled: 1
  bendTwistConstraintParameters:
    evaluationOrder: 0
    iterations: 1
    SORFactor: 1
    enabled: 1
  chainConstraintParameters:
    evaluationOrder: 0
    iterations: 1
    SORFactor: 1
    enabled: 0
--- !u!1 &9032636217344664521
GameObject:
  m_ObjectHideFlags: 0
  m_CorrespondingSourceObject: {fileID: 0}
  m_PrefabInstance: {fileID: 0}
  m_PrefabAsset: {fileID: 0}
  serializedVersion: 6
  m_Component:
  - component: {fileID: 9032636217344664527}
  - component: {fileID: 9032636217344664520}
  - component: {fileID: 9032636217344664526}
  m_Layer: 11
  m_Name: Solver - Particles 3
  m_TagString: Untagged
  m_Icon: {fileID: 0}
  m_NavMeshLayer: 0
  m_StaticEditorFlags: 0
  m_IsActive: 1
--- !u!114 &9032636217344664526
MonoBehaviour:
  m_ObjectHideFlags: 0
  m_CorrespondingSourceObject: {fileID: 0}
  m_PrefabInstance: {fileID: 0}
  m_PrefabAsset: {fileID: 0}
  m_GameObject: {fileID: 9032636217344664521}
  m_Enabled: 1
  m_EditorHideFlags: 0
  m_Script: {fileID: 11500000, guid: 1d9704d540ac448439a425526f6b2986, type: 3}
  m_Name: 
  m_EditorClassIdentifier: 
  solvers:
  - {fileID: 9032636217344664520}
  substeps: 1
--- !u!4 &9032636217344664527
Transform:
  m_ObjectHideFlags: 0
  m_CorrespondingSourceObject: {fileID: 0}
  m_PrefabInstance: {fileID: 0}
  m_PrefabAsset: {fileID: 0}
  m_GameObject: {fileID: 9032636217344664521}
  m_LocalRotation: {x: 0, y: 0, z: 0, w: 1}
  m_LocalPosition: {x: 0, y: 0.9, z: 0}
  m_LocalScale: {x: 1, y: 1, z: 1}
  m_Children:
  - {fileID: 9032636217667990534}
  m_Father: {fileID: 0}
  m_RootOrder: 7
  m_LocalEulerAnglesHint: {x: 0, y: 0, z: 0}
--- !u!1 &9032636217667990529
GameObject:
  m_ObjectHideFlags: 0
  m_CorrespondingSourceObject: {fileID: 0}
  m_PrefabInstance: {fileID: 0}
  m_PrefabAsset: {fileID: 0}
  serializedVersion: 6
  m_Component:
  - component: {fileID: 9032636217667990534}
  - component: {fileID: 9032636217667990535}
  - component: {fileID: 9032636217667990530}
  - component: {fileID: 9032636217667990533}
  m_Layer: 8
  m_Name: Emitter
  m_TagString: Untagged
  m_Icon: {fileID: 0}
  m_NavMeshLayer: 0
  m_StaticEditorFlags: 0
  m_IsActive: 1
--- !u!114 &9032636217667990530
MonoBehaviour:
  m_ObjectHideFlags: 0
  m_CorrespondingSourceObject: {fileID: 0}
  m_PrefabInstance: {fileID: 0}
  m_PrefabAsset: {fileID: 0}
  m_GameObject: {fileID: 9032636217667990529}
  m_Enabled: 1
  m_EditorHideFlags: 0
  m_Script: {fileID: 11500000, guid: 748587b7cb89947cdb69eed6554256f6, type: 3}
  m_Name: 
  m_EditorClassIdentifier: 
  emitter: {fileID: 9032636217667990535}
  color: {r: 1, g: 1, b: 1, a: 1}
  particleSize: 0.14142136
  distribution:
  - position: {x: -0.095, y: 0, z: 0}
    velocity: {x: 0, y: 0, z: 1}
    color: {r: 1, g: 1, b: 1, a: 1}
  - position: {x: 0.05642137, y: 0, z: 0}
    velocity: {x: 0, y: 0, z: 1}
    color: {r: 1, g: 1, b: 1, a: 1}
  lenght: 0.19
  radialVelocity: 0
--- !u!114 &9032636217667990533
MonoBehaviour:
  m_ObjectHideFlags: 0
  m_CorrespondingSourceObject: {fileID: 0}
  m_PrefabInstance: {fileID: 0}
  m_PrefabAsset: {fileID: 0}
  m_GameObject: {fileID: 9032636217667990529}
  m_Enabled: 1
  m_EditorHideFlags: 0
  m_Script: {fileID: 11500000, guid: c8b45ebbf86be4df6b0e6cd933812af2, type: 3}
  m_Name: 
  m_EditorClassIdentifier: 
  render: 0
  shader: {fileID: 4800000, guid: 87908c483837f4df49e97fa1aa0dacda, type: 3}
  particleColor: {r: 1, g: 1, b: 1, a: 1}
  radiusScale: 1.7
--- !u!4 &9032636217667990534
Transform:
  m_ObjectHideFlags: 0
  m_CorrespondingSourceObject: {fileID: 0}
  m_PrefabInstance: {fileID: 0}
  m_PrefabAsset: {fileID: 0}
  m_GameObject: {fileID: 9032636217667990529}
  m_LocalRotation: {x: 0.7071068, y: 0, z: 0, w: 0.7071068}
  m_LocalPosition: {x: 0, y: 0, z: -0}
  m_LocalScale: {x: 1, y: 1, z: 1}
  m_Children: []
  m_Father: {fileID: 9032636217344664527}
  m_RootOrder: 0
  m_LocalEulerAnglesHint: {x: 90, y: 0, z: 0}
--- !u!114 &9032636217667990535
MonoBehaviour:
  m_ObjectHideFlags: 0
  m_CorrespondingSourceObject: {fileID: 0}
  m_PrefabInstance: {fileID: 0}
  m_PrefabAsset: {fileID: 0}
  m_GameObject: {fileID: 9032636217667990529}
  m_Enabled: 1
  m_EditorHideFlags: 0
  m_Script: {fileID: 11500000, guid: 78c37f4b1f0174c6ebfdf0e7b8af64a3, type: 3}
  m_Name: 
  m_EditorClassIdentifier: 
  m_CollisionMaterial: {fileID: 0}
  m_SurfaceCollisions: 0
  emitterBlueprint: {fileID: 11400000, guid: bfb48f58a66f04ae1819bfb39aad6324, type: 2}
  emissionMethod: 0
  minPoolSize: 0.5
  speed: 3.2
  lifespan: 100
  randomVelocity: 0
  useShapeColor: 1
  emitterShapes:
  - {fileID: 9032636217667990530}
  life:
  - 100
  - 100
  - 100
  - 100
  - 100
  - 100
  - 100
  - 100
  - 100
  - 100
  - 100
  - 100
  - 100
  - 100
  - 100
  - 100
  - 100
  - 100
  - 100
  - 100
  - 100
  - 100
  - 100
  - 100
  - 100
  - 100
  - 100
  - 100
  - 100
  - 100
  - 100
  - 100
  - 100
  - 100
  - 100
  - 100
  - 100
  - 100
  - 100
  - 100
  - 100
  - 100
  - 100
  - 100
  - 100
  - 100
  - 100
  - 100
  - 100
  - 100
  - 100
  - 100
  - 100
  - 100
  - 100
  - 100
  - 100
  - 100
  - 100
  - 100
  - 100
  - 100
  - 100
  - 100
  - 100
  - 100
  - 100
  - 100
  - 100
  - 100
  - 100
  - 100
  - 100
  - 100
  - 100
  - 100
  - 100
  - 100
  - 100
  - 100
  - 100
  - 100
  - 100
  - 100
  - 100
  - 100
  - 100
  - 100
  - 100
  - 100
  - 100
  - 100
  - 100
  - 100
  - 100
  - 100
  - 100
  - 100
  - 100
  - 100
  - 100
  - 100
  - 100
  - 100
  - 100
  - 100
  - 100
  - 100
  - 100
  - 100
  - 100
  - 100
  - 100
  - 100
  - 100
  - 100
  - 100
  - 100
  - 100
  - 100
  - 100
  - 100
  - 100
  - 100
  - 100
  - 100
  - 100
  - 100
  - 100
  - 100
  - 100
  - 100
  - 100
  - 100
  - 100
  - 100
  - 100
  - 100
  - 100
  - 100
  - 100
  - 100
  - 100
  - 100
  - 100
  - 100
  - 100
  - 100
  - 100
  - 100
  - 100
  - 100
  - 100
  - 100
  - 100
  - 100
  - 100
  - 100
  - 100
  - 100
  - 100
  - 100
  - 100
  - 100
  - 100
  - 100
  - 100
  - 100
  - 100
  - 100
  - 100
  - 100
  - 100
  - 100
  - 100
  - 100
  - 100
  - 100
  - 100
  - 100
  - 100
  - 100
  - 100
  - 100
  - 100
  - 100
  - 100
  - 100
  - 100
  - 100
  - 100
  - 100
  - 100
  - 100
  - 100
  - 100
  - 100
  - 100
  - 100
  - 100
  - 100
  - 100
  - 100
  - 100
  - 100
  - 100
  - 100
  - 100
  - 100
  - 100
  - 100
  - 100
  - 100
  - 100
  - 100
  - 100
  - 100
  - 100
  - 100
  - 100
  - 100
  - 100
  - 100
  - 100
  - 100
  - 100
  - 100
  - 100
  - 100
  - 100
  - 100
  - 100
  - 100
  - 100
  - 100
  - 100
  - 100
  - 100
  - 100
  - 100
  - 100
  - 100
  - 100
  - 100
  - 100
  - 100
  - 100
  - 100
  - 100
  - 100
  - 100
  - 100
  - 100
  - 100
  - 100
  - 100
  - 100
  - 100
  - 100
  - 100
  - 100
  - 100
  - 100
  - 100
  - 100
  - 100
  - 100
  - 100
  - 100
  - 100
  - 100
  - 100
  - 100
  - 100
  - 100
  - 100
  - 100
  - 100
  - 100
  - 100
  - 100
  - 100
  - 100
  - 100
  - 100
  - 100
  - 100
  - 100
  - 100
  - 100
  - 100
  - 100
  - 100
  - 100
  - 100
  - 100
  - 100
  - 100
  - 100
  - 100
  - 100
  - 100
  - 100
  - 100
  - 100
  - 100
  - 100
  - 100
  - 100
  - 100
  - 100
  - 100
  - 100
  - 100
  - 100
  - 100
  - 100
  - 100
  - 100
  - 100
  - 100
  - 100
  - 100
  - 100
  - 100
  - 100
  - 100
  - 100
  - 100
  - 100
  - 100
  - 100
  - 100
  - 100
  - 100
  - 100
  - 100
  - 100
  - 100
  - 100
  - 100
  - 100
  - 100
  - 100
  - 100
  - 100
  - 100
  - 100
  - 100
  - 100
  - 100
  - 100
  - 100
  - 100
  - 100
  - 100
  - 100
  - 100
  - 100
  - 100
  - 100
  - 100
  - 100
  - 100
  - 100
  - 100
  - 100
  - 100
  - 100
  - 100
  - 100
  - 100
  - 100
  - 100
  - 100
  - 100
  - 100
  - 100
  - 100
  - 100
  - 100
  - 100
  - 100
  - 100
  - 100
  - 100
  - 100
  - 100
  - 100
  - 100
  - 100
  - 100
  - 100
  - 100
  - 100
  - 100
  - 100
  - 100
  - 100
  - 100
  - 100
  - 100
  - 100
  - 100
  - 100
  - 100
  - 100
  - 100
  - 100
  - 100
  - 100
  - 100
  - 100
  - 100
  - 100
  - 100
  - 100
  - 100
  - 100
  - 100
  - 100
  - 100
  - 100
  - 100
  - 100
  - 100
  - 100
  - 100
  - 100
  - 100
  - 100
  - 100
  - 100
  - 100
  - 100
  - 100
  - 100
  - 100
  - 100
  - 100
  - 100
  - 100
  - 100
  - 100
  - 100
  - 100
  - 100
  - 100
  - 100
  - 100
