%YAML 1.1
%TAG !u! tag:unity3d.com,2011:
--- !u!1 &1788172252251910473
GameObject:
  m_ObjectHideFlags: 0
  m_CorrespondingSourceObject: {fileID: 0}
  m_PrefabInstance: {fileID: 0}
  m_PrefabAsset: {fileID: 0}
  serializedVersion: 6
  m_Component:
  - component: {fileID: 1788172252251483497}
  - component: {fileID: 1788172252250680649}
  - component: {fileID: 1788172252249714569}
  - component: {fileID: 7938063801882594516}
  m_Layer: 0
  m_Name: Cauldron_Lg_Full_03
  m_TagString: Untagged
  m_Icon: {fileID: 0}
  m_NavMeshLayer: 0
  m_StaticEditorFlags: 0
  m_IsActive: 1
--- !u!4 &1788172252251483497
Transform:
  m_ObjectHideFlags: 0
  m_CorrespondingSourceObject: {fileID: 0}
  m_PrefabInstance: {fileID: 0}
  m_PrefabAsset: {fileID: 0}
  m_GameObject: {fileID: 1788172252251910473}
  m_LocalRotation: {x: 0, y: -0, z: -0, w: 1}
  m_LocalPosition: {x: -0, y: 0, z: 0}
  m_LocalScale: {x: 1, y: 1, z: 1}
  m_Children:
  - {fileID: 6429188066680020044}
  m_Father: {fileID: 0}
  m_RootOrder: 0
  m_LocalEulerAnglesHint: {x: 0, y: 0, z: 0}
--- !u!33 &1788172252250680649
MeshFilter:
  m_ObjectHideFlags: 0
  m_CorrespondingSourceObject: {fileID: 0}
  m_PrefabInstance: {fileID: 0}
  m_PrefabAsset: {fileID: 0}
  m_GameObject: {fileID: 1788172252251910473}
  m_Mesh: {fileID: 4300000, guid: 413d2d58445de534881b01d7a3e7e922, type: 3}
--- !u!23 &1788172252249714569
MeshRenderer:
  m_ObjectHideFlags: 0
  m_CorrespondingSourceObject: {fileID: 0}
  m_PrefabInstance: {fileID: 0}
  m_PrefabAsset: {fileID: 0}
  m_GameObject: {fileID: 1788172252251910473}
  m_Enabled: 1
  m_CastShadows: 1
  m_ReceiveShadows: 1
  m_DynamicOccludee: 1
  m_MotionVectors: 1
  m_LightProbeUsage: 1
  m_ReflectionProbeUsage: 1
  m_RenderingLayerMask: 1
  m_RendererPriority: 0
  m_Materials:
  - {fileID: 2100000, guid: 8f8e688bcc009c94eb48527af8f26e17, type: 2}
  m_StaticBatchInfo:
    firstSubMesh: 0
    subMeshCount: 0
  m_StaticBatchRoot: {fileID: 0}
  m_ProbeAnchor: {fileID: 0}
  m_LightProbeVolumeOverride: {fileID: 0}
  m_ScaleInLightmap: 1
  m_PreserveUVs: 0
  m_IgnoreNormalsForChartDetection: 0
  m_ImportantGI: 0
  m_StitchLightmapSeams: 0
  m_SelectedEditorRenderState: 3
  m_MinimumChartSize: 4
  m_AutoUVMaxDistance: 0.5
  m_AutoUVMaxAngle: 89
  m_LightmapParameters: {fileID: 0}
  m_SortingLayerID: 0
  m_SortingLayer: 0
  m_SortingOrder: 0
--- !u!65 &7938063801882594516
BoxCollider:
  m_ObjectHideFlags: 0
  m_CorrespondingSourceObject: {fileID: 0}
  m_PrefabInstance: {fileID: 0}
  m_PrefabAsset: {fileID: 0}
  m_GameObject: {fileID: 1788172252251910473}
  m_Material: {fileID: 0}
  m_IsTrigger: 0
  m_Enabled: 1
  serializedVersion: 2
  m_Size: {x: 0.9667542, y: 0.68845975, z: 1.0165055}
  m_Center: {x: 0, y: 0.34422988, z: 0}
--- !u!1001 &5200689182950806630
PrefabInstance:
  m_ObjectHideFlags: 0
  serializedVersion: 2
  m_Modification:
    m_TransformParent: {fileID: 1788172252251483497}
    m_Modifications:
    - target: {fileID: 1231065146027886634, guid: a277e73c5677ee44584dec6dc0b9e7ae,
        type: 3}
      propertyPath: m_LocalPosition.x
      value: 0
      objectReference: {fileID: 0}
    - target: {fileID: 1231065146027886634, guid: a277e73c5677ee44584dec6dc0b9e7ae,
        type: 3}
      propertyPath: m_LocalPosition.y
      value: 0.536
      objectReference: {fileID: 0}
    - target: {fileID: 1231065146027886634, guid: a277e73c5677ee44584dec6dc0b9e7ae,
        type: 3}
      propertyPath: m_LocalPosition.z
      value: 0
      objectReference: {fileID: 0}
    - target: {fileID: 1231065146027886634, guid: a277e73c5677ee44584dec6dc0b9e7ae,
        type: 3}
      propertyPath: m_LocalRotation.x
      value: 0
      objectReference: {fileID: 0}
    - target: {fileID: 1231065146027886634, guid: a277e73c5677ee44584dec6dc0b9e7ae,
        type: 3}
      propertyPath: m_LocalRotation.y
      value: 0
      objectReference: {fileID: 0}
    - target: {fileID: 1231065146027886634, guid: a277e73c5677ee44584dec6dc0b9e7ae,
        type: 3}
      propertyPath: m_LocalRotation.z
      value: 0
      objectReference: {fileID: 0}
    - target: {fileID: 1231065146027886634, guid: a277e73c5677ee44584dec6dc0b9e7ae,
        type: 3}
      propertyPath: m_LocalRotation.w
      value: 1
      objectReference: {fileID: 0}
    - target: {fileID: 1231065146027886634, guid: a277e73c5677ee44584dec6dc0b9e7ae,
        type: 3}
      propertyPath: m_RootOrder
      value: 0
      objectReference: {fileID: 0}
    - target: {fileID: 1231065146027886634, guid: a277e73c5677ee44584dec6dc0b9e7ae,
        type: 3}
      propertyPath: m_LocalEulerAnglesHint.x
      value: 0
      objectReference: {fileID: 0}
    - target: {fileID: 1231065146027886634, guid: a277e73c5677ee44584dec6dc0b9e7ae,
        type: 3}
      propertyPath: m_LocalEulerAnglesHint.y
      value: 0
      objectReference: {fileID: 0}
    - target: {fileID: 1231065146027886634, guid: a277e73c5677ee44584dec6dc0b9e7ae,
        type: 3}
      propertyPath: m_LocalEulerAnglesHint.z
      value: 0
      objectReference: {fileID: 0}
    - target: {fileID: 4607696756829393782, guid: a277e73c5677ee44584dec6dc0b9e7ae,
        type: 3}
      propertyPath: m_Name
      value: Cauldron_Bubbles_Large_03
      objectReference: {fileID: 0}
    m_RemovedComponents: []
  m_SourcePrefab: {fileID: 100100000, guid: a277e73c5677ee44584dec6dc0b9e7ae, type: 3}
--- !u!4 &6429188066680020044 stripped
Transform:
  m_CorrespondingSourceObject: {fileID: 1231065146027886634, guid: a277e73c5677ee44584dec6dc0b9e7ae,
    type: 3}
  m_PrefabInstance: {fileID: 5200689182950806630}
  m_PrefabAsset: {fileID: 0}
