%YAML 1.1
%TAG !u! tag:unity3d.com,2011:
--- !u!1 &7469416894752492114
GameObject:
  m_ObjectHideFlags: 0
  m_CorrespondingSourceObject: {fileID: 0}
  m_PrefabInstance: {fileID: 0}
  m_PrefabAsset: {fileID: 0}
  serializedVersion: 6
  m_Component:
  - component: {fileID: 7469416894752200306}
  - component: {fileID: 7469416894755624530}
  - component: {fileID: 7469416894754493586}
  - component: {fileID: 1558879936322792459}
  m_Layer: 0
  m_Name: Cauldron_Lg_Changeable_01
  m_TagString: Untagged
  m_Icon: {fileID: 0}
  m_NavMeshLayer: 0
  m_StaticEditorFlags: 0
  m_IsActive: 1
--- !u!4 &7469416894752200306
Transform:
  m_ObjectHideFlags: 0
  m_CorrespondingSourceObject: {fileID: 0}
  m_PrefabInstance: {fileID: 0}
  m_PrefabAsset: {fileID: 0}
  m_GameObject: {fileID: 7469416894752492114}
  m_LocalRotation: {x: 0, y: -0, z: -0, w: 1}
  m_LocalPosition: {x: -0, y: 0, z: 0}
  m_LocalScale: {x: 1, y: 1, z: 1}
  m_Children:
  - {fileID: 3936266490826947672}
  m_Father: {fileID: 0}
  m_RootOrder: 0
  m_LocalEulerAnglesHint: {x: 0, y: 0, z: 0}
--- !u!33 &7469416894755624530
MeshFilter:
  m_ObjectHideFlags: 0
  m_CorrespondingSourceObject: {fileID: 0}
  m_PrefabInstance: {fileID: 0}
  m_PrefabAsset: {fileID: 0}
  m_GameObject: {fileID: 7469416894752492114}
  m_Mesh: {fileID: 4300000, guid: c8b059c121b298c47a11483322990f21, type: 3}
--- !u!23 &7469416894754493586
MeshRenderer:
  m_ObjectHideFlags: 0
  m_CorrespondingSourceObject: {fileID: 0}
  m_PrefabInstance: {fileID: 0}
  m_PrefabAsset: {fileID: 0}
  m_GameObject: {fileID: 7469416894752492114}
  m_Enabled: 1
  m_CastShadows: 1
  m_ReceiveShadows: 1
  m_DynamicOccludee: 1
  m_MotionVectors: 1
  m_LightProbeUsage: 1
  m_ReflectionProbeUsage: 1
  m_RenderingLayerMask: 1
  m_RendererPriority: 0
  m_Materials:
  - {fileID: 2100000, guid: 87761ff4a9694c540a8709126d16a6a8, type: 2}
  m_StaticBatchInfo:
    firstSubMesh: 0
    subMeshCount: 0
  m_StaticBatchRoot: {fileID: 0}
  m_ProbeAnchor: {fileID: 0}
  m_LightProbeVolumeOverride: {fileID: 0}
  m_ScaleInLightmap: 1
  m_PreserveUVs: 0
  m_IgnoreNormalsForChartDetection: 0
  m_ImportantGI: 0
  m_StitchLightmapSeams: 0
  m_SelectedEditorRenderState: 3
  m_MinimumChartSize: 4
  m_AutoUVMaxDistance: 0.5
  m_AutoUVMaxAngle: 89
  m_LightmapParameters: {fileID: 0}
  m_SortingLayerID: 0
  m_SortingLayer: 0
  m_SortingOrder: 0
--- !u!65 &1558879936322792459
BoxCollider:
  m_ObjectHideFlags: 0
  m_CorrespondingSourceObject: {fileID: 0}
  m_PrefabInstance: {fileID: 0}
  m_PrefabAsset: {fileID: 0}
  m_GameObject: {fileID: 7469416894752492114}
  m_Material: {fileID: 0}
  m_IsTrigger: 0
  m_Enabled: 1
  serializedVersion: 2
  m_Size: {x: 0.9667542, y: 0.68845975, z: 1.0165055}
  m_Center: {x: 0, y: 0.34422988, z: 0}
--- !u!1001 &3936266490827073240
PrefabInstance:
  m_ObjectHideFlags: 0
  serializedVersion: 2
  m_Modification:
    m_TransformParent: {fileID: 7469416894752200306}
    m_Modifications:
    - target: {fileID: 100000, guid: e2e41baf33da52a4aa86d9fcbbb6cb95, type: 3}
      propertyPath: m_Name
      value: Cauldron_Lg_Contents
      objectReference: {fileID: 0}
    - target: {fileID: 400000, guid: e2e41baf33da52a4aa86d9fcbbb6cb95, type: 3}
      propertyPath: m_LocalPosition.x
      value: 0
      objectReference: {fileID: 0}
    - target: {fileID: 400000, guid: e2e41baf33da52a4aa86d9fcbbb6cb95, type: 3}
      propertyPath: m_LocalPosition.y
      value: 0
      objectReference: {fileID: 0}
    - target: {fileID: 400000, guid: e2e41baf33da52a4aa86d9fcbbb6cb95, type: 3}
      propertyPath: m_LocalPosition.z
      value: 0
      objectReference: {fileID: 0}
    - target: {fileID: 400000, guid: e2e41baf33da52a4aa86d9fcbbb6cb95, type: 3}
      propertyPath: m_LocalRotation.x
      value: -0
      objectReference: {fileID: 0}
    - target: {fileID: 400000, guid: e2e41baf33da52a4aa86d9fcbbb6cb95, type: 3}
      propertyPath: m_LocalRotation.y
      value: -0
      objectReference: {fileID: 0}
    - target: {fileID: 400000, guid: e2e41baf33da52a4aa86d9fcbbb6cb95, type: 3}
      propertyPath: m_LocalRotation.z
      value: -0
      objectReference: {fileID: 0}
    - target: {fileID: 400000, guid: e2e41baf33da52a4aa86d9fcbbb6cb95, type: 3}
      propertyPath: m_LocalRotation.w
      value: 1
      objectReference: {fileID: 0}
    - target: {fileID: 400000, guid: e2e41baf33da52a4aa86d9fcbbb6cb95, type: 3}
      propertyPath: m_RootOrder
      value: 0
      objectReference: {fileID: 0}
    - target: {fileID: 400000, guid: e2e41baf33da52a4aa86d9fcbbb6cb95, type: 3}
      propertyPath: m_LocalEulerAnglesHint.x
      value: 0
      objectReference: {fileID: 0}
    - target: {fileID: 400000, guid: e2e41baf33da52a4aa86d9fcbbb6cb95, type: 3}
      propertyPath: m_LocalEulerAnglesHint.y
      value: 0
      objectReference: {fileID: 0}
    - target: {fileID: 400000, guid: e2e41baf33da52a4aa86d9fcbbb6cb95, type: 3}
      propertyPath: m_LocalEulerAnglesHint.z
      value: 0
      objectReference: {fileID: 0}
    - target: {fileID: 2300000, guid: e2e41baf33da52a4aa86d9fcbbb6cb95, type: 3}
      propertyPath: m_Materials.Array.data[0]
      value: 
      objectReference: {fileID: 2100000, guid: 87761ff4a9694c540a8709126d16a6a8, type: 2}
    m_RemovedComponents: []
  m_SourcePrefab: {fileID: 100100000, guid: e2e41baf33da52a4aa86d9fcbbb6cb95, type: 3}
--- !u!4 &3936266490826947672 stripped
Transform:
  m_CorrespondingSourceObject: {fileID: 400000, guid: e2e41baf33da52a4aa86d9fcbbb6cb95,
    type: 3}
  m_PrefabInstance: {fileID: 3936266490827073240}
  m_PrefabAsset: {fileID: 0}
--- !u!1001 &5467459723127408595
PrefabInstance:
  m_ObjectHideFlags: 0
  serializedVersion: 2
  m_Modification:
    m_TransformParent: {fileID: 3936266490826947672}
    m_Modifications:
    - target: {fileID: 1231065146027886634, guid: 0cdb057e4871b164e8d906ebe129ccb3,
        type: 3}
      propertyPath: m_LocalPosition.x
      value: 0
      objectReference: {fileID: 0}
    - target: {fileID: 1231065146027886634, guid: 0cdb057e4871b164e8d906ebe129ccb3,
        type: 3}
      propertyPath: m_LocalPosition.y
      value: 0.536
      objectReference: {fileID: 0}
    - target: {fileID: 1231065146027886634, guid: 0cdb057e4871b164e8d906ebe129ccb3,
        type: 3}
      propertyPath: m_LocalPosition.z
      value: 0
      objectReference: {fileID: 0}
    - target: {fileID: 1231065146027886634, guid: 0cdb057e4871b164e8d906ebe129ccb3,
        type: 3}
      propertyPath: m_LocalRotation.x
      value: -0
      objectReference: {fileID: 0}
    - target: {fileID: 1231065146027886634, guid: 0cdb057e4871b164e8d906ebe129ccb3,
        type: 3}
      propertyPath: m_LocalRotation.y
      value: -0
      objectReference: {fileID: 0}
    - target: {fileID: 1231065146027886634, guid: 0cdb057e4871b164e8d906ebe129ccb3,
        type: 3}
      propertyPath: m_LocalRotation.z
      value: -0
      objectReference: {fileID: 0}
    - target: {fileID: 1231065146027886634, guid: 0cdb057e4871b164e8d906ebe129ccb3,
        type: 3}
      propertyPath: m_LocalRotation.w
      value: 1
      objectReference: {fileID: 0}
    - target: {fileID: 1231065146027886634, guid: 0cdb057e4871b164e8d906ebe129ccb3,
        type: 3}
      propertyPath: m_RootOrder
      value: 0
      objectReference: {fileID: 0}
    - target: {fileID: 1231065146027886634, guid: 0cdb057e4871b164e8d906ebe129ccb3,
        type: 3}
      propertyPath: m_LocalEulerAnglesHint.x
      value: 0
      objectReference: {fileID: 0}
    - target: {fileID: 1231065146027886634, guid: 0cdb057e4871b164e8d906ebe129ccb3,
        type: 3}
      propertyPath: m_LocalEulerAnglesHint.y
      value: 0
      objectReference: {fileID: 0}
    - target: {fileID: 1231065146027886634, guid: 0cdb057e4871b164e8d906ebe129ccb3,
        type: 3}
      propertyPath: m_LocalEulerAnglesHint.z
      value: 0
      objectReference: {fileID: 0}
    - target: {fileID: 4607696756829393782, guid: 0cdb057e4871b164e8d906ebe129ccb3,
        type: 3}
      propertyPath: m_Name
      value: Cauldron_Bubbles_Large_01
      objectReference: {fileID: 0}
    m_RemovedComponents: []
  m_SourcePrefab: {fileID: 100100000, guid: 0cdb057e4871b164e8d906ebe129ccb3, type: 3}
